2242 3595
359 239 414 284 38
506 255 545 285 Τ.
582 252 755 282 LVCRETI
788 251 895 280 CARI.
924 263 981 269 -—
1012 249 1066 278 DE
1099 249 1242 278 RERVM
1275 248 1457 279 NATVRA.
1492 247 1611 277 LIBER
1638 247 1831 284 QVARTVS

506 353 609 395 inde
630 357 748 393 retro
769 364 947 392 rursum
974 348 1090 390 redit
1108 352 1153 390 et
1172 348 1396 390 conuertit
1417 347 1588 389 eodem.
1745 345 1828 389 310
1865 344 1985 403 [334]

507 418 622 468 Quin
650 416 783 457 etiam
808 428 1114 472 quaecumque
1138 412 1359 455 latuscula
1385 417 1490 455 sunt
1513 411 1799 469 speculorum

506 480 701 523 adsimili
728 479 882 521 lateris
902 479 1072 520 flexura
1099 478 1298 535 praedita
1324 477 1482 529 nostri,

505 535 689 587 dextera
712 560 762 586 ea
777 548 964 601 <propter
989 542 1120 585 nobis
1148 543 1386 584 simulacra
1409 542 1660 594 remittunt,

504 615 581 653 aut
602 610 704 667 quia
733 610 785 651 de
807 609 989 666 speculo
1009 608 1054 650 in
1077 607 1308 665 speculum
1334 606 1602 649 transfertur
1627 606 1790 662 imago,

504 675 607 717 inde
627 675 683 716 ad
706 690 788 716 nos
810 674 921 716 elisa
939 673 1010 715 bis
1033 673 1230 725 aduolat,
1255 678 1332 715 aut
1352 672 1484 714 etiam
1508 671 1629 729 quod
1751 671 1834 713 315
1870 670 1990 728 [339]

504 741 673 783 circum
696 740 859 796 agitur,
883 754 985 781 cum
1004 739 1145 791 uenit,
1176 738 1322 795 imago
1343 742 1578 795 propterea
1605 737 1726 795 quod

505 808 620 848 flexa
642 806 781 862 figura
809 805 940 846 docet
959 804 1130 861 speculi
1150 803 1401 845 conuertier
1428 802 1483 844 ad
1506 818 1603 845 nos.

507 871 748 929 Indugredi
770 886 899 927 porro
917 869 1083 926 pariter
1104 869 1341 911 simulacra
1369 868 1617 925 pedemque

506 952 672 994 ponere
699 935 934 977 nobiscum
957 935 1112 976 credas
1134 938 1402 991 gestumque
1430 933 1595 974 imitari

506 1006 744 1060 propterea
770 1000 891 1058 quia,
913 1000 967 1042 de
991 999 1161 1057 speculi
1188 1015 1276 1056 qua
1303 1003 1429 1056 parte
1456 998 1655 1051 recedas,
1752 997 1835 1039 320
1871 996 1990 1054 [344]

508 1067 720 1110 continuo
745 1068 976 1123 nequeunt
995 1065 1120 1107 illinc
1144 1064 1382 1106 simulacra
1405 1063 1597 1114 reuerti;

507 1132 654 1174 omnia
677 1130 1040 1188 quandoquidem
1066 1131 1185 1187 cogit
1205 1135 1364 1172 natura
1389 1129 1543 1172 referri

509 1213 558 1240 ac
586 1196 755 1239 resilire
774 1195 829 1237 ab
857 1195 990 1238 rebus
1017 1196 1073 1237 ad
1099 1211 1265 1252 aequos
1286 1194 1459 1237 reddita
1487 1195 1645 1236 flexus.
1871 1192 1992 1250 [347]

567 1261 812 1319 Splendida
836 1276 967 1318 porro
992 1261 1109 1302 oculi
1133 1260 1329 1317 fugitant
1347 1260 1582 1316 uitantque
1604 1259 1717 1301 tueri
1736 1272 1745 1311 3
1872 1256 1993 1315 [299]

510 1328 577 1369 sol
598 1327 734 1369 etiam
758 1330 922 1379 caecat,
946 1330 1101 1367 contra
1125 1325 1162 1366 si
1188 1325 1372 1367 tendere
1393 1340 1569 1382 pergas,
1753 1323 1837 1364 325
1873 1322 1993 1380 [300]

508 1397 742 1450 propterea
769 1391 869 1448 quia
895 1391 964 1432 uis
991 1395 1197 1447 magnast
1220 1390 1378 1447 ipsius,
1400 1395 1443 1432 et
1464 1390 1551 1431 alte

510 1473 611 1500 aera
631 1472 709 1513 per
734 1472 896 1513 purum
916 1456 1113 1513 grauiter
1137 1455 1375 1497 simulacra
1400 1455 1616 1506 feruntur,

510 1528 554 1565 et
575 1522 740 1564 feriunt
763 1522 918 1563 oculos
943 1520 1169 1563 turbantia
1194 1520 1536 1578 composituraS.

512 1589 747 1629 Praeterea
773 1586 985 1643 splendor
1005 1585 1276 1643 quicumque
1304 1590 1373 1627 est
1397 1600 1496 1627 acer
1519 1584 1666 1626 adurit

512 1668 642 1709 saepe
663 1652 833 1705 oculos,
860 1652 959 1693 ideo
981 1651 1101 1708 quod
1122 1651 1292 1693 semina
1319 1650 1520 1708 possidet
1542 1649 1659 1706 ignis
1753 1648 1836 1690 330
1872 1648 1993 1705 [305]

512 1717 669 1770 multa,
700 1716 900 1758 dolorem
926 1715 1069 1757 oculis
1090 1731 1203 1772 quae
1224 1716 1418 1772 gignunt
1438 1713 1721 1755 insinuando.

511 1782 676 1825 Lurida
699 1787 927 1838 praeterea
955 1782 1068 1823 fiunt
1092 1795 1397 1838 quaecumque
1419 1784 1600 1822 tuentur

510 1847 700 1905 arquati‚
729 1847 832 1904 quia
853 1846 1015 1888 luroris
1036 1846 1090 1887 de
1112 1861 1296 1903 corpore
1322 1860 1475 1887 eorum

512 1914 682 1955 semina
709 1913 849 1954 multa
872 1913 1017 1954 fluunt
1044 1911 1296 1953 simulacris
1323 1911 1455 1952 obuia
1482 1925 1646 1962 rerum,

512 1979 742 2035 multaque
771 1981 875 2019 sunt
895 1977 1037 2018 oculis
1058 1977 1103 2018 in
1124 1992 1278 2018 eorum
1302 1976 1492 2033 denique
1517 1975 1674 2026 mixta,
1757 1973 1840 2015 335
1877 1972 1995 2029 [310]

513 2059 625 2101 quae
651 2049 839 2099 contage
861 2058 940 2084 sua
963 2041 1211 2098 palloribus
1231 2042 1379 2082 omnia
1402 2041 1610 2098 pingunt.

515 2110 549 2151 E
573 2108 770 2151 tenebris
795 2114 946 2150 autem
967 2123 1081 2164 quae
1109 2112 1214 2149 sunt
1241 2107 1285 2148 in
1309 2107 1408 2149 luce
1433 2111 1613 2148 tuemur

513 2180 744 2233 propterea
767 2174 887 2231 quia,
911 2188 1011 2214 cum
1030 2173 1211 2229 propior
1230 2171 1436 2228 caliginis
1462 2187 1537 2213 aer

515 2245 609 2283 ater
634 2239 718 2281 init
741 2238 893 2281 oculos
920 2238 1041 2295 prior
1067 2242 1110 2280 et
1130 2237 1332 2294 possedit
1359 2241 1551 2294 apertos,

514 2305 764 2362 insequitur
790 2304 985 2346 candens
1009 2303 1246 2345 confestim
1271 2303 1447 2344 lucidus
1468 2318 1556 2354 aer,
1756 2301 1840 2344 340
1878 2300 1998 2359 [3151

514 2372 590 2429 qui
617 2370 745 2428 quasi
768 2374 931 2427 purgat
952 2384 1027 2410 eos
1054 2384 1104 2410 ac
1128 2368 1280 2424 nigras
1306 2368 1491 2410 discutit
1513 2368 1696 2410 umbras

514 2437 627 2479 aeris
652 2435 773 2478 illius
803 2448 811 2477 :
840 2450 946 2476 nam
964 2434 1118 2476 multis
1139 2433 1341 2491 partibus
1363 2433 1434 2476 hic
1456 2438 1524 2475 est

515 2501 722 2544 mobilior
749 2500 993 2558 multisque
1019 2499 1232 2541 minutior
1257 2504 1300 2541 et
1326 2514 1455 2556 mage
1482 2499 1673 2556 pollens.

513 2568 599 2619 Qui
623 2566 756 2609 simul
786 2572 918 2624 atque
938 2565 1037 2608 uias
1064 2564 1295 2607 oculorum
1318 2564 1416 2606 luce
1443 2563 1634 2620 repleuit

514 2639 646 2690 utque
668 2632 875 2689 patefecit
897 2646 1007 2688 quas
1032 2636 1134 2672 ante
1156 2629 1391 2671 obsederat
1419 2645 1492 2670 aer
1756 2628 1839 2670 345
1877 2627 1996 2685 [320]

516 2704 743 2749 <atc1·>,
766 2697 977 2739 continuo
999 2712 1145 2738 rerum
1168 2694 1404 2737 simulacra
1430 2699 1641 2736 secuntur
1876 2692 1995 2750 [321]

449 2959 507 2985 310
524 2957 764 2985 rctroriirsum
779 2954 805 2983 Ο
822 2955 915 2989 <cnm
932 2954 1169 2993 ιιι-0411101101.)
1187 2953 1407 2982 :retrorsum
1421 2952 1446 2987 Q
1533 2950 1758 2980 conuertitur
1769 2947 1899 2979 Lachm

366 3007 420 3033 :521
444 3004 624 3042 nequeunt
645 3002 692 3039 Q:
714 3003 892 3041 nequeant
909 3002 934 3029 (1
1020 3003 1078 3030 329
1097 2999 1235 3030 ardui-it
1258 2998 1314 3035 OQ
1400 3000 1457 3028 335
1478 2998 1589 3028 multa
1615 2999 1641 3034 Q
1659 3006 1752 3027 corr.
1777 3006 1782 3027 :
1810 2997 1921 3027 mault
1940 2996 1996 3033 OQ

449 3049 554 3079 nbula
576 3052 601 3086 Q
688 3051 745 3079 342
763 3048 860 3079 illius
875 3048 884 3079 l
899 3050 934 3077 31
957 3057 962 3077 :
985 3048 1090 3077 ullius
1111 3047 1166 3084 OQ
1253 3048 1311 3075 315
1331 3055 1389 3076 aer
1406 3045 1680 3084 l3ernays:ate1·
1699 3044 1756 3081 OQ
1841 3045 1900 3074 3-16
1917 3045 1994 3073 ater

369 3098 448 3127 mm.
473 3098 629 3134 Helvinus
