2242 3595
993 283 1122 311 NOTES
1786 270 1865 313 107

248 382 342 424 tion
372 382 542 424 uitrum
565 397 610 424 se
629 380 797 438 justifie
821 397 900 439 par
920 381 986 423 les
1003 397 1105 423 vers
1133 381 1329 424 601-602
1354 382 1413 423 du
1437 382 1466 425 l.
1496 383 1571 435 IV,
1599 387 1642 425 et
1664 382 1746 425 990
1765 399 1864 440 sqq.

248 447 307 488 du
341 447 371 489 l.
412 447 487 488 VI.
522 466 542 486 «
578 448 812 488 Praeterea
851 462 1035 487 manare
1069 447 1195 487 aliud
1232 462 1311 502 per
1347 462 1453 488 saoea
1497 448 1690 499 uidetur,
1720 448 1869 505 Atque

249 511 377 553 aliud
401 512 548 566 liqnis,
574 512 700 553 aliud
731 512 922 552 transire
952 527 1037 566 per
1065 527 1246 562 aurum,
1277 511 1562 568 Al‘qentoque
1588 515 1712 566 sora-s·
1743 513 1868 555 aliud

252 577 458 632 uitroque
483 591 626 617 meare
641 590 657 628 ,·
679 577 797 617 Nam
822 578 962 631 fluere
991 576 1072 616 hac
1089 576 1263 630 species,
1293 576 1370 616 illa
1392 577 1512 617 calor
1534 578 1596 617 ire
1626 578 1805 619 uidetur
1826 596 1864 621 ».

309 640 501 684 147-148
533 640 610 682 ubi
636 656 791 696 aspera
819 655 978 681 saxa...
1000 640 1046 680 in
1070 639 1301 681 materiam
1326 654 1334 682 :
1359 645 1486 682 noter
1506 635 1796 697 l'asymetrie,
1825 648 1870 684 et

246 705 469 747 l'absence
496 705 549 746 de
578 707 621 746 in
649 705 813 746 devant
837 704 876 746 le
895 704 1087 761 premier
1106 704 1421 760 complement.

306 770 537 812 materiam
569 784 772 812 :comme
804 770 1007 810 notitiam
1046 768 1129 811 476
1165 767 1238 827 (ef.
1265 769 1478 810 toutefois
1511 772 1710 811 notitiem
1744 771 1862 829 479),

245 835 349 876 bien
371 849 456 892 que
479 835 667 876 Lucreee
686 834 923 890 n'emploie
945 849 1030 891 que
1048 834 1114 876 les
1135 833 1395 875 nominatifs
1420 836 1638 886 materies,
1661 836 1833 877 notities
1856 850 1864 879 :

246 899 301 941 cf.
333 899 553 953 Cartault‚
576 898 724 941 46-47.

305 964 538 1006 materiam
563 964 674 1020 ligni
698 976 707 1006 ε
732 964 773 1005 la
794 964 1051 1021 periphrase
1076 964 1216 1005 forme
1238 964 1498 1019 tautologie‚
1526 979 1698 1006 comme
1722 966 1867 1021 ligsnea

247 1030 467 1081 materies,
495 1030 569 1081 VI,
602 1028 729 1071 1061.

304 1094 389 1137 150
422 1099 631 1136 constant
656 1108 664 1136 :
691 1093 746 1135 cf.
777 1094 860 1134 110
885 1099 926 1135 et
947 1099 1066 1135 note.

306 1159 390 1202 153
423 1160 569 1200 Meme
591 1158 755 1215 emploi
779 1158 832 1199 de
854 1160 1109 1212 meminere,
1140 1174 1182 1200 v.
1213 1158 1324 1211 7133
1355 1159 1410 1201 cf.
1443 1159 1613 1215 Virgile
1641 1159 1803 1215 Georg.
1830 1162 1865 1212 Ι,

247 1222 458 1265 399-400.
486 1242 506 1261 «
606 1239 693 1265 non
724 1238 797 1264 ore
829 1223 996 1265 solutos
1024 1224 1257 1265 Immundi
1291 1225 1530 1265 meminere
1564 1239 1664 1266 sues
1702 1226 1865 1266 iactare

246 1288 463 1344 maniplos
488 1306 526 1340 »,
558 1292 601 1329 et
627 1288 822 1344 l'emploi
855 1288 1114 1345 home'rique
1139 1289 1191 1330 de
1221 1295 1450 1343 μεμνῆσθαι.

302 1353 426 1395 leuor
453 1366 461 1395 :
492 1353 739 1395 substantii*
759 1353 898 1394 forme
928 1369 1007 1410 par
1034 1353 1242 1406 Lucrizce,
1274 1369 1444 1396 comme
1466 1370 1660 1406 arnaror,
1688 1370 1863 1411 aeqror,

243 1417 341 1459 voir
361 1418 445 1460 224
464 1423 509 1460 et
529 1423 647 1461 note.
674 1418 742 1460 On
767 1418 807 1459 le
834 1423 1039 1459 retrouve
1067 1419 1168 1475 plus
1195 1419 1287 1460 loin
1309 1419 1392 1461 543
1420 1424 1464 1461 et
1488 1419 1544 1472 ΙΙ,
1567 1419 1667 1461 423.

303 1484 388 1527 155
420 1498 643 1540 quamque
666 1503 724 1519 z
751 1498 1105 1539 quamcumque3
1146 1499 1441 1542 quamquam.
1481 1485 1566 1527 Les
1603 1485 1867 1541 areha'l'ques

243 1548 490 1605 emploient
512 1548 889 1589 indifferemment
919 1549 1109 1604 quisque
1135 1554 1177 1590 et
1202 1550 1435 1607 quisquis3
1467 1549 1522 1590 cf.
1552 1549 1710 1591 Plaute
1732 1550 1861 1594 Asin.

244 1613 328 1655 404
370 1630 390 1651 «
437 1614 627 1671 quisque
660 1613 841 1654 obuiam
880 1613 984 1654 huie
1019 1615 1245 1655 occesserit
1281 1615 1410 1666 irato,
1460 1614 1696 1669 imputabit
1733 1632 1772 1667 »‚
1810 1619 1866 1656 osi

242 1678 508 1734 quisque:
528 1679 750 1734 quisquis,
784 1682 827 1719 et
848 1677 1149 1720 inversement
1177 1679 1317 1731 Trin.‚
1345 1678 1420 1720 881
1459 1697 1478 1717 «
1508 1680 1545 1720 si
1574 1695 1715 1720 unum
1736 1681 1867 1738 quid-

241 1744 353 1799 quid
375 1743 642 1798 sinyillatim
668 1742 902 1798 etplacide
922 1744 1242 1797 percontabere
1270 1762 1308 1794 »,
1335 1747 1389 1785 οὺ
1413 1745 1717 1801 quidquid:
1734 1746 1866 1801 quid-

241 1822 355 1864 que;
386 1808 584 1863 Lindsay
615 1807 744 1864 Synt.
776 1807 822 1848 of
841 1807 1043 1861 Plautus,
1074 1824 1118 1865 p.
1143 1808 1222 1855 50:
1251 1808 1306 1851 cf.
1337 1808 1464 1861 1032,
1498 1808 1625 1851 1065.

301 1873 387 1916 160
420 1873 536 1914 celer
563 1887 571 1924 ;
597 1888 672 1914 sur
698 1877 815 1914 cette
843 1872 982 1914 forme
1017 1873 1070 1915 de
1103 1873 1305 1926 feminin,
1342 1875 1439 1916 voir
1466 1876 1637 1917 Ernout
1665 1875 1862 1931 Morph.‚

239 1939 261 1993 ξ
287 1937 357 1980 66.
390 1938 459 1980 On
488 1938 541 1980 lit
576 1938 629 1979 de
657 1940 801 1979 meme
831 1953 932 1979 acer
951 1939 1136 1994 hiemps,
1164 1939 1337 1981 Ennius
1372 1941 1514 1993 Ann.,
1554 1939 1654 1992 424,
1683 1955 1865 1981 somnus

314 2004 429 2044 acris
452 2003 512 2052 id,
545 2002 644 2055 369,
666 2002 812 2044 alacer
899 2003 1037 2045 celsus
1059 2004 1118 2046 id.
1142 2004 1234 2047 Sat.
1260 2004 1329 2059 16,
1348 2011 1492 2047 coetus
1588 2006 1750 2046 alacris
1771 2005 1862 2057 Sc.,

242 2067 341 2110 127.

300 2133 381 2177 161
418 2133 559 2175 multa
583 2133 709 2175 breui
733 2133 876 2190 spatio
902 2147 911 2176 :
942 2139 1072 2176 noter
1097 2135 1137 2176 la
1165 2135 1418 2192 repetition.

301 2197 382 2240 163
417 2198 769 2240 sic-item-simili
796 2198 994 2251 ratione;
1026 2199 1080 2241 de
1115 2202 1260 2242 meme
1292 2200 1374 2242 165
1410 2201 1554 2243 multa
1582 2202 1723 2243 modis
1745 2202 1864 2242 mul-

243 2264 297 2305 tis
310 2278 327 2316 ,·
349 2265 390 2304 in
423 2271 602 2305 cunetas
636 2264 835 2320 undique
853 2265 1017 2320 partis.
1054 2264 1181 2307 Cette
1212 2266 1544 2308 accumulation
1569 2272 1636 2309 est
1663 2266 1863 2308 destinee

240 2333 263 2369 ξι
290 2329 555 2370 eonvaincre
576 2329 616 2370 le
641 2328 841 2385 disciple.

299 2393 384 2437 164
416 2393 471 2435 cf.
497 2394 597 2435 201.

300 2459 384 2502 165
418 2459 557 2500 multa
580 2459 725 2500 modis
746 2459 915 2502 multis.
945 2459 1013 2502 Cf.
1044 2460 1126 2502 128
1151 2465 1196 2503 et
1219 2466 1336 2504 note.

296 2524 342 2565 in
363 2529 546 2565 cunctas
566 2524 764 2581 undique
786 2525 924 2581 partis
953 2539 960 2567 :
991 2524 1047 2568 ef.
1072 2525 1173 2578 226,
1198 2526 1299 2578 240,
1329 2526 1428 2569 725.

299 2589 383 2632 168
416 2589 613 2646 liquidus
639 2603 647 2632 :
675 2594 742 2630 est
766 2589 911 2631 donne
938 2606 1019 2647 par
1045 2591 1228 2633 Servius
1249 2607 1422 2633 comme
1448 2608 1508 2634 un
1536 2607 1788 2648 synonyme
1810 2592 1862 2634 de

231 2669 395 2709 purus,
424 2653 479 2695 ad
496 2655 603 2696 Buc.
629 2654 705 2707 VI,
729 2654 821 2696 33«
848 2656 1012 2711 liquidi
1027 2657 1165 2698 simul
1189 2658 1458 2712 iyniS,pzlri‚
1487 2658 1531 2698 id
1555 2665 1619 2699 est
1639 2658 1862 2711 aetherei,-

238 2733 373 2774 quem
398 2719 550 2761 Cicero
579 2720 775 2775 iynitum
805 2720 1025 2776 liquorem
1047 2722 1175 2763 discit.
1195 2722 1431 2763 Lucretius
1453 2722 1548 2779 (VI,
1571 2722 1675 2779 205)
1702 2724 1862 2763 «deuo-

237 2783 295 2824 let
319 2784 361 2824 in
390 2791 557 2824 terram
593 2785 757 2840 liquidi
780 2786 899 2827 color
924 2801 1086 2828 aureus
1118 2788 1234 2841 issnis
1267 2806 1305 2829 ».
1344 2786 1591 2844 L'epithete
1626 2793 1694 2829 est
1721 2788 1862 2844 appli-

236 2852 347 2904 quee
367 2854 390 2889 ὲ
414 2847 515 2890 l'ete
535 2864 614 2905 par
630 2850 799 2906 Virgile
825 2851 985 2907 Georg.
1013 2851 1087 2902 IV,
1116 2851 1170 2891 59
1195 2868 1315 2907 «per
1332 2859 1539 2894 aestatem
1564 2853 1783 2908 liquidam
1807 2870 1826 2890 »
1847 2867 1856 2904 3

237 2913 323 2954 elle
351 2919 418 2954 est
445 2913 545 2970 dejii
572 2914 683 2955 dans
714 2915 886 2956 Ennius
923 2916 1034 2960 Sat..
1066 2916 1085 2957 4
1115 2935 1133 2951 «
1171 2917 1364 2973 liquidas
1388 2918 1646 2973 pilata-sque
1667 2917 1859 2958 aetheris

237 2993 337 3019 oras
368 2997 404 3019 ».

296 3042 381 3086 169
415 3042 482 3085 Cf.
508 3044 677 3100 Virgile
701 3046 816 3088 Aen.
845 3045 939 3097 XII,
962 3046 1046 3087 283
1075 3064 1094 3083 «
1127 3047 1158 3087 it
1189 3052 1277 3088 toto
1302 3047 1483 3088 turbida
1508 3047 1622 3088 coelo
1655 3048 1858 3102 Tempes-

237 3113 301 3148 tas
337 3108 528 3149 telorum
562 3126 581 3147 »
620 3109 801 3164 Georg,
834 3110 867 3162 l,
895 3111 979 3151 323
1017 3130 1036 3149 «
1079 3111 1138 3152 Et
1171 3112 1350 3166 foedam
1388 3113 1643 3167 sslomerant
1678 3120 1858 3167 tempes-

238 3179 368 3212 lalem
399 3194 433 3212 ι».
