2242 3595
370 247 423 288 34
536 259 572 288 T.
609 256 782 285 [ΝΟΜ-’,Π
809 254 912 282 mai.
939 265 997 270 ——
1030 252 1080 279 DE
1113 250 1255 279 RERVM
1287 249 1468 278 NATVRA.
1500 248 1620 276 Limen
1651 247 1841 283 QVARTVS

515 356 624 398 Esse
653 355 698 395 in
723 350 997 409 imaginibus
1025 353 1297 407 quapropter
1318 362 1452 389 causa
1473 346 1652 389 uidetur

515 418 744 470 cernundi,
773 431 919 473 neque
940 430 1071 472 posse
1092 414 1187 456 sine
1214 413 1282 455 his
1309 428 1380 454 res
1399 411 1492 454 ulla
1512 411 1672 454 uideri.

514 486 640 527 Nunc
662 498 711 524 ea
732 497 845 539 quae
866 481 965 522 dico
989 495 1138 522 rerum
1165 477 1403 520 simulacra
1425 476 1630 519 feruntur

513 548 725 604 undique,
757 551 809 588 ek
822 546 868 587 in
892 550 1076 587 cunctas
1103 544 1325 586 iaciuntur
1348 542 1491 584 didita
1515 541 1671 598 partis.
1915 539 1999 581 240

514 614 680 654 Verum
702 627 784 653 nos
808 611 948 653 oculis
971 610 1074 667 quia
1095 609 1202 651 solis
1228 623 1408 650 cernere
1435 607 1631 665 quimus,

513 682 747 735 propterea
768 677 817 718 fit
835 676 916 728 uti,
947 676 1142 732 speciem
1169 689 1255 732 quo
1276 673 1512 725 uertimus‚
1543 686 1699 713 omnes

513 758 583 784 res
609 742 670 783 ibi
691 757 788 784 eam
814 747 967 783 contra
994 740 1157 782 feriant
1182 739 1323 781 forma
1348 744 1482 794 atque
1510 737 1670 779 colore.

524 808 581 849 Et
608 812 824 864 quantum
843 821 1043 863 quaeque
1070 805 1124 846 ab
1151 804 1280 846 nobis
1306 819 1376 846 res
1397 803 1530 855 absit,
1551 802 1700 858 imago

513 872 645 914 efficit
668 877 717 913 ut
737 872 971 913 uideamus
996 875 1039 912 et
1061 870 1361 911 internoscere
1383 873 1523 910 curat.
1914 865 1999 907 245

512 937 628 979 Nam
656 953 758 979 cum
785 937 992 988 mittitur,
1020 935 1246 992 extemplo
1272 933 1497 991 protrudit
1523 933 1704 989 agitque

511 1019 612 1044 aera
639 1002 714 1059 qui
741 1002 857 1043 inter
882 1016 927 1042 se
952 1004 1191 1058 cumquest
1214 999 1458 1055 oculosque
1482 997 1671 1047 locatus,

512 1068 638 1124 isque
666 1068 726 1109 ita
753 1083 832 1124 per
858 1071 1036 1108 nostras
1063 1065 1181 1107 acies
1205 1064 1454 1121 perlabitur
1480 1063 1643 1115 omnis,

514 1138 558 1174 et
582 1133 711 1189 quasi
739 1136 965 1189 perterget
992 1130 1188 1188 pupillas
1216 1134 1349 1186 atque
1373 1129 1435 1171 ita
1460 1128 1633 1170 transit.

513 1198 753 1254 Propterea
782 1197 831 1238 fit
857 1197 923 1239 uti
946 1197 1183 1238 uideamus
1210 1210 1345 1252 quarn
1362 1194 1518 1251 procul
1544 1192 1661 1235 absit
1754 1190 1838 1232 250
1873 1190 1998 1249 [251]

511 1278 580 1304 res
605 1278 822 1319 quaeque.
848 1263 903 1304 Et
931 1266 1099 1319 quanto
1127 1261 1228 1317 plus
1256 1260 1371 1302 aeris
1395 1264 1498 1301 ante
1521 1258 1717 1315 agitatur
1877 1256 1998 1313 [250]

513 1334 555 1370 et
582 1334 761 1369 nostros
780 1328 934 1369 oculos
954 1330 1182 1384 perterget
1206 1325 1381 1382 longior
1407 1340 1530 1378 aura,

512 1399 604 1435 tam
625 1393 779 1449 procul
806 1408 905 1434 esse
926 1392 1069 1448 magis
1090 1406 1160 1433 res
1188 1405 1389 1448 quaeque
1416 1394 1587 1431 remota
1614 1387 1807 1430 uidetur.

513 1459 692 1500 Scilicet
718 1460 825 1500 haec
850 1471 1023 1499 summe
1051 1455 1183 1498 celeri
1210 1456 1382 1497 ratione
1409 1459 1643 1513 geruntur,

512 1525 641 1580 quale
666 1524 722 1565 sit
749 1527 799 1564 ut
825 1523 1059 1564 uideamus
1079 1527 1122 1563 et
1143 1537 1231 1562 una
1257 1536 1391 1578 quam
1418 1520 1573 1578 procul
1599 1518 1731 1561 absit.
1858 1517 1941 1559 255

513 1589 630 1630 Illud
658 1588 704 1629 in
730 1588 798 1629 his
821 1588 955 1629 rebus
983 1587 1166 1628 minime
1187 1586 1389 1627 mirabile
1415 1584 1733 1635 habendumst,

511 1669 604 1706 cur,
636 1669 685 1694 ea
710 1669 822 1710 quae
844 1653 1005 1694 feriant
1032 1652 1186 1694 oculos
1208 1651 1448 1693 simulacra
1471 1649 1615 1691 uideri

513 1718 689 1775 singula
711 1733 813 1759 cum
832 1722 1073 1775 nequeant,
1101 1732 1168 1758 res
1195 1717 1319 1773 ipsae
1340 1715 1670 1773 perspiciantur
1693 1727 1701 1757 ἰ

510 1788 674 1825 uentus
699 1784 816 1825 enim
841 1798 1018 1840 quoque
1043 1783 1260 1839 paulatim
1282 1798 1382 1824 cum
1411 1781 1617 1823 uerberat
1638 1785 1681 1822 et
1705 1794 1807 1821 cum

511 1865 610 1890 acre
637 1850 736 1890 fluit
760 1849 919 1905 frigus,
944 1865 1033 1890 non
1061 1849 1235 1905 priuam
1254 1863 1477 1906 quamque
1506 1847 1702 1888 solemus
1757 1844 1841 1886 260
1877 1843 1998 1900 [2611

512 1915 776 1971 particulam
803 1915 927 1956 uenti
955 1914 1120 1955 sentire
1147 1918 1192 1955 et
1215 1913 1393 1969 frigoris
1418 1913 1529 1965 eius,
1597 1945 1600 1948 ⁴
1877 1908 1998 1965 [260]

514 1980 591 2021 sed
615 1980 759 2036 magis
784 1995 1017 2031 unorsum⁷
1048 1979 1230 2036 fierique
1251 1978 1433 2036 perinde
1454 1977 1661 2019 uidemus

512 2060 695 2102 corpore
720 2050 816 2086 tum
838 2044 994 2102 plagas
1012 2044 1057 2085 in
1082 2049 1235 2085 nostro
1265 2049 1494 2100 tamquam
1514 2042 1690 2099 aliquae
1714 2055 1785 2082 res

512 2111 719 2152 uerberet
745 2116 879 2168 atque
907 2110 976 2151 sui
1003 2109 1078 2151 det
1105 2125 1289 2151 sensum
1316 2108 1514 2165 corporis
1539 2112 1680 2149 extra.

514 2176 747 2217 Praeterea
775 2175 969 2232 lapidem
991 2174 1132 2230 digito
1160 2190 1261 2217 cum
1286 2174 1533 2226 tundimus,
1558 2173 1706 2230 ipsum
1916 2168 2000 2211 26.)

512 2241 742 2298 tangimus
769 2246 1022 2282 extremum
1047 2240 1143 2281 saxi
1171 2254 1487 2297 summumque
1512 2238 1724 2289 colorem,

513 2321 593 2347 nec
616 2306 836 2348 sentimus
861 2321 963 2347 eum
984 2311 1124 2358 tactu,
1155 2321 1314 2347 uerum
1336 2304 1479 2360 magis
1501 2304 1644 2361 ipsam

513 2371 721 2413 duritiem
748 2371 926 2428 penitus
945 2371 1040 2412 saxi
1068 2371 1288 2413 sentimus
1307 2370 1351 2411 in
1375 2369 1482 2411 alto.

512 2437 643 2478 Nunc
665 2452 762 2493 age,
788 2452 865 2479 cur
885 2436 1002 2478 ultra
1031 2436 1266 2493 speculum
1286 2435 1493 2477 uideatur
1512 2434 1661 2489 imago

515 2502 690 2559 percipe
713 2516 720 2554 ;
750 2518 854 2543 nam
882 2506 999 2543 certe
1018 2502 1196 2557 penitus
1225 2506 1396 2543 semota
1417 2500 1611 2541 uidetur.
1914 2496 1999 2538 270

514 2567 643 2617 Quod
667 2583 807 2624 genus
833 2567 909 2608 illa
936 2566 1044 2608 foris
1067 2582 1178 2624 quae
1199 2582 1303 2608 uere
1327 2565 1695 2621 transpiciuntur,

515 2633 642 2673 ianua
671 2648 769 2674 cum
792 2648 869 2689 per
893 2649 938 2674 sc
962 2637 1267 2689 transpectum
1289 2630 1472 2688 praebet
1499 2634 1721 2687 apertum,

516 2698 653 2738 multa
683 2697 876 2755 facitque
905 2697 1010 2738 soris
1033 2712 1087 2738 ex
1108 2696 1293 2739 aedibus
1320 2701 1369 2738 ut
1396 2695 1649 2737 uideantur.

407 2925 464 2952 2'10
480 2922 591 2953 didita
613 2923 714 2953 I’onl.
736 2933 741 2954 :
759 2924 878 2954 dedita
900 2924 955 2961 OQ
1055 2926 1113 2954 240
1138 2923 1320 2964 protrudit
1340 2921 1458 2954 Lamb.
1492 2931 1498 2952 :
1536 2920 1731 2961 protuditO
1748 2919 1869 2960 prodit
1890 2919 1916 2955 Q

366 2972 423 2999 225·
448 2974 605 3010 pern-gc*
645 2972 700 3007 OQ
728 2971 789 3001 sed
824 2973 1005 3011 perterget
1024 2973 1049 3001 l)
1069 2974 1128 3002 2²52)
1214 2973 1284 3007 250,
1316 2973 1368 3000 251
1408 2970 1469 3001 lios
1509 2979 1635 3000 uersus
1659 2968 1880 3008 transposuzc
1905 2967 1992 2998 Mar.

366 3021 435 3053 260,
467 3022 519 3047 2651
551 3018 612 3048 hos
643 3028 768 3049 uersus
803 3018 1029 3058 trans-pesula
1057 3019 1143 3049 Mar.
1233 3021 1290 3048 260
1309 3018 1448 3058 prinam
1470 3016 1637 3056 Gisanius
1658 3026 1663 3046 :
1684 3016 1834 3055 primam
1859 3014 1915 3050 OQ

367 3068 421 3093 207
444 3066 517 3103 ip=21
539 3070 587 3096 ¹1:
611 3066 655 3104 ‘'s·
696 3068 747 3095 ΗΠ
834 3068 891 3095 271)
918 3069 1052 3096 scillula
1075 3066 1160 3096 Mur.
1182 3075 1186 3096 :
1216 3069 1350 3095 remota
1381 3064 1406 3093 Ο
1428 3073 1433 3096 :
1473 3066 1646 3095 rvmnwta
1668 3062 1693 3099 Q
