2242 3595
405 218 459 258 80

552 230 589 257 Τ.
627 227 799 255 LVCRETI
833 225 938 253 CARI.
975 234 1032 242 --
1065 223 1116 250 DE
1150 223 1290 250 RERVM
1325 222 1504 252 NATYRA.
1542 222 1660 250 LIBER
1692 222 1884 257 QVARTVS

551 325 791 380 osculaque
816 321 1052 377 adfligunt,
1083 320 1187 377 quia
1213 335 1299 361 non
1329 325 1398 362 est
1420 335 1530 376 pura
1554 320 1763 376 uoluptas

549 396 591 432 et
618 387 788 431 stimuli
809 387 1001 428 subsunt
1022 386 1099 442 qui
1119 385 1339 441 instigant
1371 384 1547 426 laedere
1571 384 1616 425 id
1635 384 1798 440 ipsum.

552 451 864 511 quodcumque
886 455 969 503 est,
999 450 1145 492 rabies
1173 450 1289 491 unde
1317 449 1445 490 illaec
1465 449 1666 506 germina
1689 454 1896 506 surgunt.

548 519 636 561 Sed
662 518 821 559 leuiter
847 531 1014 573 poenas
1042 515 1208 571 frangit
1233 514 1386 555 Venus
1414 514 1530 556 inter
1556 529 1754 556 amorem

546 583 801 639 blandaque
820 581 1012 623 refrenat
1030 595 1205 621 morsus
1226 579 1424 621 admixta
1444 580 1670 636 uoluptas.
1918 579 2028 621 1085

551 649 754 705 Namque
776 647 821 687 in
849 662 899 688 eo
925 661 1028 702 spes
1055 649 1139 697 est,
1169 644 1288 687 unde
1315 648 1383 686 est
1411 644 1581 685 ardoris
1603 644 1744 701 origo,

546 712 764 769 restingui
792 726 970 769 quoque
993 725 1122 767 posse
1149 709 1203 751 ab
1229 709 1386 751 eodem
1417 724 1603 766 corpore
1631 710 1876 750 flammam.

547 778 675 830 Quod
697 777 790 818 fieri
810 781 966 818 contra
988 781 1133 817 totum
1157 779 1316 816 natura
1334 779 1554 831 repugnat
1573 788 1581 821 2

548 858 725 899 unaque
754 857 824 883 res
846 841 954 882 haec
977 844 1060 892 est,
1086 839 1212 881 cuius
1234 855 1368 896 quam
1387 839 1580 895 plurima
1604 838 1838 892 habemus,

549 915 639 950 tam
665 906 810 962 magis
836 905 1030 948 ardescit
1057 905 1152 946 dira
1180 904 1429 960 cuppedine
1456 909 1629 961 pectus.
1916 903 2028 945 1090

547 973 663 1015 Nam
685 972 811 1014 cibus
838 976 971 1028 atque
994 985 1124 1011 umor
1144 969 1358 1010 membris
1385 968 1637 1010 adsumitur
1663 969 1786 1011 intus
1805 983 1812 1021 ;

546 1054 658 1096 quae
683 1037 895 1095 quoniam
917 1040 1060 1077 certas
1082 1039 1271 1090 possunt
1292 1033 1494 1076 obsidere
1523 1034 1679 1091 partis,

546 1104 629 1145 hoc
645 1102 775 1144 facile
798 1100 1005 1157 expletur
1024 1100 1211 1142 laticum
1239 1099 1508 1157 frugumque
1536 1099 1714 1156 cupido.

547 1169 611 1210 Ex
642 1167 837 1209 hominis
857 1181 964 1207 uero
986 1165 1095 1207 facie
1123 1165 1400 1222 pulchroque
1424 1164 1570 1206 colore

544 1234 608 1275 nil
634 1234 764 1274 datur
788 1232 833 1273 in
861 1246 1023 1288 corpus
1048 1235 1223 1286 praeter
1243 1229 1481 1271 simulacra
1509 1229 1745 1271 fruendum
1918 1227 2029 1271 1095

544 1298 696 1340 tenuia
718 1312 726 1349 ς
756 1312 867 1354 quae
891 1301 1086 1338 mentem
1110 1310 1211 1351 spes
1235 1299 1382 1351 raptat
1406 1309 1538 1351 saepe
1566 1294 1757 1336 misella.

545 1365 606 1405 Vt
626 1363 777 1404 bibere
806 1362 851 1403 in
874 1361 1047 1403 somnis
1071 1360 1229 1402 sitiens
1252 1375 1353 1401 cum
1379 1359 1569 1417 quaerit,
1601 1365 1644 1401 et
1664 1375 1793 1401 umor

545 1444 630 1470 non
661 1428 807 1479 datur,
835 1427 1041 1468 ardorem
1068 1425 1145 1483 qui
1166 1424 1380 1467 membris
1408 1425 1636 1481 stinguere
1661 1425 1819 1481 possit,

545 1494 622 1536 sed
647 1493 830 1535 laticum
853 1492 1091 1533 simulacra
1118 1489 1231 1547 petit
1251 1490 1502 1547 frustraque
1530 1489 1720 1542 laborat,

542 1560 586 1601 in
614 1558 849 1615 medioque
869 1556 963 1599 sitit
987 1555 1176 1598 torrenti
1199 1556 1384 1597 flumine
1412 1560 1574 1611 potans
1598 1569 1606 1597 :
1916 1554 2026 1596 1100

543 1625 605 1667 sic
627 1625 671 1666 in
693 1638 843 1665 amore
864 1623 1017 1664 Venus
1046 1620 1297 1663 simulacris
1319 1620 1434 1662 ludit
1461 1620 1669 1671 amantis,

544 1705 624 1731 nec
647 1689 808 1730 satiare
838 1692 1008 1745 queunt
1036 1687 1280 1743 spectando
1308 1701 1494 1743 corpora
1524 1701 1690 1738 coram,

547 1771 628 1797 nec
656 1753 863 1795 manibus
885 1752 1126 1810 quicquam
1147 1751 1313 1794 teneris
1333 1750 1547 1793 abradere
1564 1750 1779 1792 membris

545 1824 752 1877 possunt,
783 1823 982 1860 errantes
1007 1817 1166 1859 incerti
1188 1832 1370 1873 corpore
1398 1821 1509 1859 toto.

546 1886 749 1942 Denique
775 1899 877 1926 cum
904 1883 1119 1925 membris
1146 1882 1338 1924 conlatis
1365 1882 1471 1924 flore
1496 1881 1703 1923 fruuntur
1916 1878 2027 1921 1105

543 1950 718 2003 aetatis,
746 1950 835 1991 iam
859 1964 960 1990 cum
980 1948 1201 2004 praesagit
1224 1947 1386 2004 gaudia
1406 1962 1567 2003 corpus

545 2021 679 2073 atque
706 2015 752 2056 in
774 2019 871 2056 eost
895 2014 1048 2055 Venus
1071 2017 1121 2054 ut
1143 2012 1377 2054 muliebria
1398 2016 1602 2054 conserat
1623 2027 1745 2065 arua,

543 2082 747 2137 adfigunt
768 2080 898 2121 auide
920 2093 1098 2137 corpus,
1125 2078 1407 2134 iunguntque
1436 2077 1601 2119 saliuas

544 2147 650 2198 oris,
682 2150 725 2187 et
746 2144 968 2202 inspirant
995 2148 1250 2201 pressantes
1272 2143 1483 2184 dentibus
1508 2158 1580 2184 ora
1601 2157 1610 2195 3

544 2211 833 2268 nequiquam,
865 2210 1075 2266 quoniam
1099 2208 1162 2249 nil
1184 2208 1287 2249 inde
1308 2207 1520 2250 abradere
1547 2212 1739 2264 possunt
1916 2205 2026 2249 1110

544 2293 623 2318 nec
651 2281 883 2332 penetrare
911 2279 954 2316 et
979 2274 1098 2316 abire
1120 2274 1164 2315 in
1185 2288 1346 2330 corpus
1366 2288 1550 2330 corpore
1574 2277 1669 2315 toto
1689 2287 1698 2324 ς

545 2357 648 2383 nam
671 2342 813 2383 facere
839 2340 1064 2382 interdum
1089 2339 1207 2381 uelle
1229 2344 1273 2380 et
1297 2343 1467 2380 certare
1489 2337 1703 2380 uidentur
1724 2351 1732 2381 :

542 2422 684 2464 usque
702 2407 811 2448 adeo
840 2398 997 2463 cupide
1027 2405 1071 2446 in
1093 2404 1280 2446 Veneris
1298 2403 1592 2461 compagibus
1613 2404 1815 2454 haerent,

544 2471 743 2514 membra
764 2470 1012 2527 uoluptatis
1033 2470 1139 2511 dum
1166 2469 1212 2511 ui
1232 2469 1453 2511 labefacta
1471 2469 1742 2526 liquescunt.

542 2537 739 2579 Tandem
760 2536 837 2578 ubi
863 2551 909 2577 se
934 2535 1081 2591 erupit
1102 2534 1252 2576 neruis
1273 2534 1474 2576 conlecta
1503 2533 1682 2591 cupido,
1912 2531 2024 2574 1115

542 2618 679 2660 parua
706 2602 756 2644 fit
777 2601 948 2643 ardoris
975 2600 1163 2642 uiolenti
1182 2615 1321 2657 pausa
1346 2614 1601 2656 parumper.

440 2767 510 2793 1081
534 2764 707 2804 adfligunt
728 2766 752 2790 (1
780 2773 785 2793 :
807 2762 968 2799 adfigunt
991 2763 1016 2798 Q
1102 2764 1176 2790 10⁸3
1195 2760 1295 2791 illaec
1323 2761 1481 2801 germina
1499 2759 1634 2790 amiclis
1659 2759 1804 2801 quidam
1833 2758 1998 2791 Lambini
2017 2768 2024 2790 τ

396 2818 475 2848 illac
494 2817 650 2847 vermina
668 2819 693 2845 l)
714 2826 719 2846 :
741 2816 798 2846 illc
819 2815 975 2851 germina
996 2815 1021 2851 Q
1041 2824 1046 2844 :
1068 2815 1125 2845 illa
1140 2805 1159 2844 li
1177 2815 1335 2855 gemnina
1356 2817 1380 2844 t)
1396 2823 1488 2844 corr.
1571 2817 1647 2844 1085
1665 2814 1822 2843 refrenat
1841 2813 1865 2843 L
1885 2822 1890 2843 :
1910 2813 2025 2844 frenat

396 2868 452 2901 mg

537 2867 612 2893 1096
632 2866 785 2894 mentem
806 2862 918 2893 lxentl.
939 2866 1069 2893 :uento
1087 2862 1143 2899 OQ
1158 2864 1273 2902 raptat
1291 2861 1367 2897 OQ:
1387 2871 1477 2902 quae
1494 2864 1602 2892 uento
1622 2871 1703 2901 spes
1721 2863 1858 2901 raptast
1886 2859 2023 2898 U'alfef.

395 2913 516 2943 Munr.
543 2911 630 2941 Bail.
653 2921 657 2940 :
679 2921 740 2950 spe
757 2913 904 2950 captant
922 2909 1069 2949 Bentley
1090 2919 1095 2940 :
1123 2920 1212 2949 quac
1232 2911 1387 2939 mentem
1408 2918 1490 2948 spes
1510 2911 1632 2948 captat
1658 2908 1799 2939 Lachm.
1819 2907 1936 2941 Rern..
1959 2905 2024 2937 alii

394 2959 474 2989 alia.
508 2959 707 2989 Lot-tionem
741 2957 900 2988 lodicum
937 2959 1057 2988 seruat
1099 2956 1216 2987 Giuss.
1250 2956 1417 2997 {uerique
1450 2958 1612 2986 conatur.
1655 2955 1810 2985 Mentem
1849 2953 2021 2995 praeluli,

395 3007 492 3046 qum!
511 3016 590 3036 cnm
626 3019 639 3031 «
670 3007 702 3035 m
731 3015 862 3045 corpus
883 3020 894 3032 »ι
929 3014 1054 3035 uersus
1080 3004 1216 3045 prioris
1235 3003 1429 3034 anlithesin
1451 3003 1550 3042 savit,
1580 3006 1616 3033 ιιι
1648 3002 1683 3033 ίη
1704 3012 1737 3033 11.
1769 3002 1854 3033 {0-48.
1945 3005 2023 3032 1098

395 3054 564 3083 membris
589 3054 769 3091 stinguere
798 3054 925 3083 Αυιιηί..
969 3060 974 3082 :
1011 3052 1161 3082 membri
1193 3052 1373 3090 stinguere
1412 3052 1468 3085 04)
1557 3053 1632 3080 1115
1673 3049 1835 3080 conlecta
1868 3047 2021 3080 Lamb.:

396 3101 556 3130 comm-ta
580 3102 634 3135 m.)
654 3100 702 3139 (s.
730 3102 802 3129 1065
