2242 3595
332 233 400 287 ,4ss
492 248 528 276 T.
567 247 742 276 LVCRETI
774 246 882 274 CARI.
917 257 974 262 —
999 245 1051 273 DE
1085 245 1227 273 RERVM
1261 244 1443 274 NATVRA.
1476 246 1594 273 mann
1629 244 1824 280 QVARTVS
1860 289 1863 291 -

523 350 675 386 nostra
701 343 920 394 uidemur,
946 348 991 384 et
1017 342 1061 383 in
1083 343 1228 385 noctis
1255 343 1444 399 caligine
1466 357 1596 384 caeca

525 423 702 450 cernere
727 423 963 449 censemus
986 407 1127 449 solem
1154 408 1396 465 lumenque
1419 407 1644 460 diurnum,

522 473 821 529 conclusoque
841 472 938 514 loco
966 472 1155 527 caelum,
1187 488 1323 524 mare,
1348 473 1550 525 flumina,
1577 473 1745 515 montis

523 539 722 588 mutare?
734 542 776 578 et
802 553 984 595 campos
1006 537 1196 595 pedibus
1220 538 1409 580 transire
1432 538 1654 592 uidemur,

521 609 565 644 et
589 602 763 644 sonitus
791 602 960 655 audire,
986 617 1141 644 seuera
1168 603 1345 645 silentia
1370 603 1515 644 noctis
1897 603 1981 646 460

521 667 720 724 undique
747 682 849 708 cum
878 672 1102 719 constent,
1127 672 1171 709 et
1192 668 1376 710 reddere
1401 668 1521 710 dicta
1547 673 1765 710 tacentes.

522 731 680 774 Cetera
707 732 762 773 de
782 748 944 789 genere
971 733 1054 774 hoc
1077 732 1278 774 mirande
1302 733 1444 776 multa
1465 733 1688 786 uidemus,

521 812 634 855 quae
655 797 825 839 uiolare
850 798 984 839 fidem
1004 798 1132 855 quasi
1151 798 1358 840 sensibus
1378 799 1526 840 omnia
1546 803 1783 856 quaerunt,

521 862 810 919 nequiquam,
835 862 1047 919 quoniam
1068 877 1171 919 pars
1190 863 1351 904 horum
1376 863 1571 905 maxima
1598 863 1711 905 fallit

522 933 704 984 propter
725 927 934 984 opinatus
955 928 1092 969 animi
1114 943 1226 985 quos
1251 928 1459 970 addimus
1483 928 1587 985 ipsi,
1899 927 1983 971 465

521 1008 601 1050 pro
627 992 738 1034 uisis
762 993 930 1034 ut·sint
954 1008 1067 1049 quae
1089 1008 1178 1034 non
1205 999 1311 1035 sunt
1335 993 1530 1035 sensibu'
1555 994 1669 1036 uisa.

524 1058 639 1099 Nam
660 1057 723 1098 nil
747 1057 925 1115 aegrius
949 1062 1017 1099 est
1044 1073 1180 1115 quam
1200 1073 1271 1100 res
1299 1073 1529 1100 secernere
1551 1063 1729 1116 apertas

522 1122 577 1164 ab
596 1122 761 1175 dubiis,
782 1122 960 1164 animus
985 1138 1097 1180 quas
1120 1123 1176 1164 ab
1204 1138 1251 1164 se
1279 1123 1484 1181 protinus
1509 1124 1648 1166 addit.

578 1187 781 1244 Denique
809 1188 873 1229 nil
898 1187 1002 1229 sciri
1030 1187 1171 1245 siquis
1195 1193 1339 1245 putat,
1362 1189 1407 1230 id
1428 1204 1605 1246 quoque
1633 1188 1776 1231 nescit

524 1268 580 1295 an
603 1253 704 1294 sciri
732 1253 890 1310 possit,
916 1253 1128 1310 quoniam
1155 1253 1219 1295 nil
1241 1254 1352 1295 scire
1380 1254 1559 1296 fatetur.
1897 1253 1983 1295 470

523 1318 654 1359 Hunc
676 1317 813 1373 igitur
840 1323 994 1360 contra
1019 1318 1197 1360 mittam
1221 1319 1489 1361 contendere
1511 1335 1709 1372 causam,

529 1383 604 1440 qui
631 1383 775 1439 capite
796 1383 890 1439 ipse
913 1399 990 1425 sua
1016 1384 1062 1424 in
1087 1383 1245 1425 statuit
1268 1384 1459 1440 uestigia
1483 1400 1597 1428 sese.

528 1448 584 1489 Et
606 1453 773 1501 tamen,
799 1448 882 1490 hoc
907 1464 1084 1506 quoque
1105 1449 1172 1490 uti
1199 1449 1441 1491 concedam
1460 1450 1589 1504 scire,
1614 1455 1659 1492 at
1681 1450 1726 1491 id
1746 1450 1896 1507 ipsum

526 1528 753 1570 quaeram,
781 1529 881 1555 cum
910 1514 955 1555 in
984 1513 1117 1555 rebus
1144 1514 1238 1556 ueri
1266 1514 1329 1556 nil
1359 1515 1521 1557 uiderit
1545 1521 1664 1568 ante,

524 1578 643 1620 unde
668 1578 779 1620 sciat
803 1579 909 1636 quid
931 1579 989 1621 sit
1016 1580 1128 1621 scire
1151 1584 1194 1621 et
1218 1580 1387 1623 nescire
1409 1580 1624 1633 uicissim,
1902 1580 1984 1622 475

528 1644 738 1685 notitiam
765 1644 859 1685 ueri
884 1660 997 1702 quae
1020 1660 1090 1686 res
1113 1644 1302 1699 falsique
1324 1646 1500 1698 crearit,

523 1714 566 1751 et
587 1708 773 1750 dubium
801 1714 923 1751 certo
944 1725 1056 1767 quae
1084 1725 1155 1751 res
1182 1710 1358 1752 differre
1380 1710 1593 1767 probarit.

526 1774 734 1816 lnuenies
756 1774 913 1831 primis
934 1774 989 1816 ab
1012 1775 1221 1817 sensibus
1247 1791 1343 1818 esse
1374 1781 1570 1818 creatam

523 1839 726 1881 notitiem
748 1840 859 1892 ueri,
888 1855 1031 1897 neque
1057 1856 1216 1882 sensus
1243 1857 1376 1898 posse
1397 1841 1555 1884 refelli.

524 1904 639 1946 Nam
663 1905 829 1946 maiore
847 1905 933 1947 fide
955 1905 1088 1948 debet
1115 1906 1348 1963 reperirier
1368 1906 1503 1960 illud,
1898 1906 1981 1949 480

523 1975 683 2027 sponte
706 1986 785 2012 sua
811 1970 929 2012 ueris
951 1971 1070 2028 quod
1092 1972 1235 2029 possit
1261 1972 1440 2014 uincere
1459 1972 1584 2015 falsa.

525 2035 642 2087 Quid
667 2036 832 2077 maiore
856 2036 942 2078 fide
968 2052 1099 2093 porro
1127 2052 1261 2094 quam
1284 2053 1443 2079 sensus
1465 2038 1619 2080 haberi

525 2100 656 2143 debet
675 2102 695 2142 i?
724 2116 779 2142 an
806 2101 861 2143 ab
883 2116 1018 2143 sensu
1042 2101 1154 2144 falso
1176 2103 1290 2144 ratio
1315 2108 1410 2145 orta
1431 2102 1601 2145 ualebit

524 2166 669 2208 dicere
697 2182 773 2207 eos
801 2172 971 2220 contra,
1002 2183 1114 2225 quae
1136 2172 1231 2210 tota
1257 2168 1313 2209 ab
1334 2168 1541 2210 sensibus
1559 2174 1701 2211 ortast
1721 2169 1740 2210 ⁵?

525 2230 611 2281 Qui
632 2231 718 2272 nisi
740 2237 845 2273 sunt
870 2232 980 2283 ueri,
1005 2233 1117 2275 ratio
1141 2248 1318 2290 quoque
1341 2232 1451 2275 falsa
1474 2234 1524 2276 fit
1551 2234 1712 2275 omnis.
1905 2232 1986 2275 485

528 2297 599 2337 An
621 2302 834 2353 poterunt
858 2297 1012 2339 oculos
1034 2313 1161 2340 aures
1181 2300 1522 2355 reprehendere,
1546 2315 1601 2341 an
1625 2299 1746 2341 auris

526 2366 672 2403 tactus
690 2364 709 2403 ἱ)
737 2378 792 2403 an
814 2362 932 2404 hunc
953 2379 1084 2419 porro
1113 2369 1284 2405 tactum
1306 2379 1439 2420 sapor
1465 2370 1623 2419 arguet
1648 2365 1751 2417 oris,

527 2442 583 2468 an
611 2427 908 2469 confutabunt
929 2443 1058 2469 nares
1083 2428 1256 2470 oculiue
1285 2430 1517 2471 reuincent
1533 2431 1552 2471 ἶ)

528 2491 645 2544 Non,
670 2497 719 2534 ut
742 2493 912 2549 opinor,
938 2493 995 2534 ita
1021 2498 1102 2537 est.
1124 2494 1240 2535 Nam
1268 2510 1444 2536 sorsum
1465 2495 1626 2551 cuique
1647 2500 1851 2552 potestas

527 2557 734 2610 diuisast,
759 2573 835 2599 sua
861 2558 930 2599 uis
950 2559 1169 2615 cuiquest,
1194 2559 1383 2616 ideoque
1405 2565 1633 2602 necessest
1903 2559 1985 2601 490

527 2627 570 2664 ct
598 2622 715 2679 quod
737 2623 869 2664 molle
898 2624 957 2664 sit
979 2629 1021 2665 et
1038 2624 1237 2680 gelidum
1263 2623 1497 2666 fcrucnsue
1517 2641 1718 2667 seorsum

527 2692 570 2729 ct
597 2703 774 2729 sorsum
800 2689 947 2730 uarios
977 2705 1123 2731 rerum
1151 2690 1317 2732 sentire
1345 2691 1532 2742 colores,

362 2847 636 2854 Q-.

398 2951 450 2978 '15¹5
471 2949 632 2980 uidemur
667 2953 692 2985 Q
721 2958 725 2979 1
756 2950 918 2981 uideatur
944 2953 1000 2988 HQ
1022 2960 1116 2983 corr.
1206 2953 1263 2982 >5¹50
1289 2954 1405 2983 noctis
1424 2952 1450 2988 Q
1468 2961 1563 2984 (ὊΓΓ-
1587 2963 1591 2983 1
1628 2952 1758 2984 nummi<
1785 2954 1841 2990 OQ
1934 2953 1984 2983 26⁸

352 2996 445 3025 arldil
471 3000 496 3023 (Ι
517 3006 522 3025 ;
541 2996 637 3027 abdit
667 3000 692 3032 Q
785 2999 832 3027 271
863 2999 1002 3029 millam
1026 2999 1113 3029 Mar.
1137 3008 1141 3029 :
1168 3000 1313 3030 miluum
1344 3002 1400 3037 OQ
1486 3002 1544 3030 1572
1572 3011 1633 3031 sua
1653 3001 1793 3032 Lachm.
1813 3010 1819 3031 5
1845 3010 1909 3031 suo
1930 3001 1986 3037 OQ

437 3045 494 3072 4755
520 3047 553 3074 at
574 3044 599 3078 Q
618 3055 707 3075 corr.
728 3053 733 3074 :
763 3046 804 3075 ad
827 3046 883 3082 HQ
974 3047 1027 3075 ‘¹75
1053 3047 1169 3077 sciant
1198 3047 1223 3076 (l
1311 3047 1476 3078 uicissem
1494 3048 1550 3085 OQ
1637 3049 1695 3078 479
1711 3058 1835 3079 sensus
1859 3048 1947 3079 Mar.
1978 3055 1983 3077 ι

355 3100 458 3120 sensu
493 3094 547 3125 tm
641 3094 692 3121 'mc'-
721 3096 885 3131 pulcrum(
910 3093 919 3122 Ι
939 3096 975 3124 ,Ἡ
1007 3105 1010 3123 ;
1039 3095 1170 3134 poterit
1187 3096 1241 3130 (fist)
1349 3098 1394 3124 ΗΝ
1419 3106 1578 3125 svm-sum
1601 3095 1750 3137 Benllcy
1771 3106 1776 3126 :
1797 3095 1910 3126 uideri
1930 3095 1986 3130 OQ
