2242 3595
363 246 417 290 74
509 261 547 290 Τ.
587 258 760 287 LWtRET!
794 257 901 285 CARI.
931 268 989 273 —
1021 255 1072 282 DE
1106 254 1248 282 RERVM
1281 254 1462 283 NATVRA.
1493 254 1614 283 LIBER
1638 254 1831 288 QVARTVS

481 361 613 414 aqtue
641 357 686 398 in
714 370 764 397 ea
791 354 961 396 ratione
986 352 1070 396 fuit
1096 357 1306 394 contenta
1333 352 1477 409 magis
1503 367 1646 405 mens,

479 424 524 465 in
550 421 719 489 somnis
740 419 896 462 eadem
922 418 1189 475 plerumque
1211 417 1419 459 uidemur
1441 417 1560 459 obire
1579 431 1588 470 3
1902 416 1986 460 965

479 486 691 530 causidici
712 500 871 528 causas
896 500 1027 541 agere
1054 489 1098 526 et
1119 499 1385 540 componere
1414 483 1553 540 leges,

478 553 817 608 induperatores
840 565 1039 607 pugnare
1061 564 1110 591 ac
1131 549 1295 606 proelia
1322 548 1459 601 obire,

480 622 641 659 nautae
667 620 950 658 contractum
975 630 1075 656 cum
1096 614 1245 656 uentis
1272 614 1434 669 degere
1461 613 1646 666 bellum,

478 698 561 725 nos
586 697 713 739 agere
737 682 820 723 hoc
845 685 995 722 autem
1023 685 1066 721 et
1090 685 1295 721 naturam
1318 694 1529 736 quaerere
1556 694 1705 721 rerum

479 761 658 804 semper
678 751 721 788 et
745 746 975 787 inuentam
1002 745 1159 802 patriis
1181 759 1402 800 exponere
1430 744 1614 787 chartis.
1903 742 1987 784 970

479 814 638 857 Cetera
665 813 728 854 sic
750 811 897 854 studia
920 815 1053 867 atque
1078 815 1196 852 artes
1219 809 1429 851 uidentur

479 880 524 921 in
552 878 721 920 somnis
741 877 913 919 animos
940 875 1174 917 hominum
1195 874 1409 916 frustrata
1437 879 1602 917 tenere.

479 946 535 987 Et
561 944 832 1001 quicumque
856 942 951 983 dies
978 940 1145 982 multos
1167 955 1221 982 ex
1249 939 1402 981 ordine
1429 939 1548 981 ludis

480 1010 690 1052 adsiduas
712 1007 933 1049 dederunt
958 1021 1131 1062 operas,
1156 1006 1420 1063 plerumque
1446 1004 1668 1056 uidemus,

477 1090 579 1117 cum
603 1074 692 1115 iam
715 1072 984 1114 destiterunt
1007 1087 1055 1113 ea
1082 1071 1288 1112 sensibus
1312 1085 1543 1127 usurpare,
1905 1068 1989 1112 975

479 1140 670 1182 relicuas
698 1144 849 1180 tamen
875 1153 972 1179 esse
998 1137 1095 1179 uias
1120 1137 1163 1178 in
1185 1141 1335 1178 mente
1362 1135 1573 1193 patentis,

479 1221 564 1263 qua
592 1204 766 1262 possint
790 1204 943 1245 eadem
971 1218 1120 1244 rerum
1143 1202 1379 1243 simulacra
1402 1201 1572 1244 uenire.

478 1271 564 1312 Per
591 1270 758 1312 multos
784 1269 934 1325 itaque
956 1268 1033 1310 illa
1057 1267 1152 1309 dies
1179 1267 1336 1308 eadem
1361 1266 1657 1308 obuersantur

478 1340 580 1378 ante
605 1335 775 1388 oculos,
801 1334 933 1376 etiam
958 1333 1201 1388 uigilantes
1227 1337 1277 1374 ut
1302 1332 1540 1374 uideantur

477 1416 657 1443 cernere
682 1400 888 1442 saltantis
911 1403 955 1441 et
978 1398 1132 1440 mollia
1159 1397 1359 1440 membra
1380 1398 1620 1452 mouentis,
1903 1397 1988 1440 980

478 1472 523 1509 et
548 1466 744 1508 citharae
771 1464 992 1522 liquidum
1014 1479 1193 1506 carmen
1217 1463 1496 1520 chordasque
1516 1463 1744 1520 loquentis

478 1531 660 1574 auribus
687 1531 904 1587 accipere,
936 1534 979 1571 et
1006 1544 1269 1571 consessum
1299 1543 1479 1570 cernere
1502 1529 1693 1570 eundem

477 1597 716 1653 scenaique
742 1595 874 1637 simul
896 1594 1044 1636 uarios
1070 1594 1305 1651 splendere
1326 1594 1509 1635 decores
1531 1608 1539 1637 :

475 1677 618 1719 usque
645 1661 754 1703 adeo
777 1660 930 1717 magni
956 1660 1092 1702 refert
1115 1659 1315 1701 studium
1339 1664 1471 1717 atque
1495 1660 1721 1716 uoluptas,

475 1735 518 1771 et
536 1727 698 1785 quibus
721 1727 768 1768 in
795 1726 928 1768 rebus
957 1725 1213 1768 consuerint
1234 1740 1331 1766 esse
1356 1725 1525 1781 operati
1904 1724 1972 1766 98.

477 1809 565 1835 non
593 1792 798 1834 homines
822 1792 969 1833 solum
997 1791 1075 1833 sed
1095 1807 1202 1833 uero
1228 1790 1442 1832 animalia
1469 1794 1643 1833 cuncta.

476 1859 650 1916 Quippe
677 1857 851 1900 uidebis
879 1872 1019 1915 equos
1046 1856 1191 1909 fortis,
1219 1872 1321 1898 cum
1349 1855 1552 1897 membra
1578 1854 1804 1908 iacebunt,

474 1925 520 1966 in
542 1923 711 1965 somnis
734 1923 894 1965 sudare
915 1928 1065 1964 tamen
1095 1922 1353 1979 spirareque
1381 1937 1571 1978 semper,

476 1995 520 2032 et
547 1989 675 2047 quasi
696 1989 749 2030 de
777 1989 925 2046 palma
948 2003 1148 2030 summas
1170 1987 1440 2030 contendere
1467 1986 1593 2039 uiris,

475 2060 551 2097 aut
578 2054 705 2112 quasi
732 2054 982 2096 carceribus
1004 2053 1238 2110 patefactis
1266 2060 1429 2109 †saepe
1451 2052 1632 2110 quiete†
1905 2051 1989 2094 990

475 2121 820 2177 Venantumque
848 2134 981 2160 canes
1008 2119 1053 2160 in
1078 2117 1204 2159 molli
1229 2133 1359 2174 saepe
1381 2117 1528 2174 quiete
1865 2116 1987 2174 [999]

474 2185 642 2227 iactant
659 2200 786 2226 crura
813 2189 965 2226 tamen
993 2184 1158 2236 subito,
1182 2198 1406 2240 uocesque
1434 2187 1616 2240 repente
1865 2182 1986 2240 [991]

473 2251 661 2292 mittunt
681 2255 724 2292 et
751 2250 904 2292 crebro
927 2250 1177 2291 redducunt
1204 2249 1386 2290 naribus
1413 2263 1557 2297 auras,

473 2322 523 2358 ut
548 2316 740 2371 uestigia
764 2316 801 2357 si
828 2320 1009 2358 teneant
1039 2316 1221 2357 inuenta
1242 2315 1451 2367 ferarum,

476 2382 866 2439 expergefactique
892 2386 1105 2423 secuntur
1125 2381 1275 2422 inania
1303 2395 1435 2436 saepe
1764 2379 1847 2422 995
1865 2379 1985 2438 [994]

476 2462 710 2489 ceruorum
733 2447 986 2500 simulacra,
1013 2447 1142 2504 fugae
1171 2446 1299 2504 quasi
1326 2446 1477 2487 dedita
1503 2449 1704 2498 cernant,

475 2513 616 2554 donec
643 2512 859 2554 discussis
882 2512 1067 2555 redeant
1091 2511 1315 2553 erroribus
1341 2512 1397 2553 ad
1419 2527 1479 2554 se.

475 2578 539 2619 At
564 2582 778 2619 consueta
803 2578 924 2619 domi
953 2577 1205 2620 catulorum
1230 2577 1394 2619 blanda
1423 2593 1622 2635 propago

476 2643 698 2685 discutere
726 2648 769 2685 et
794 2659 954 2700 corpus
978 2643 1032 2685 de
1054 2647 1170 2685 terra
1197 2643 1417 2700 corripere
1436 2643 1610 2686 instant
1761 2642 1845 2685 999
1866 2641 1986 2699 [998]

399 2825 456 2853 977
483 2824 635 2862 possunt
657 2823 682 2858 Q
810 2826 868 2851 982
893 2831 1101 2852 consessum
1127 2820 1214 2852 Mar.
1241 2830 1247 2852 ε
1274 2831 1487 2852 consensum
1521 2820 1577 2857 OQ
1705 2825 1764 2851 983
1794 2823 1990 2862 scenatque

361 2870 416 2906 OQ
437 2870 483 2909 cf.
509 2871 567 2899 847
698 2871 754 2899 {³84
781 2869 948 2909 uoluptas
968 2869 1109 2900 Lachm.
1129 2879 1136 2901 :
1155 2870 1323 2900 uoluntas
1340 2869 1397 2905 OQ
1525 2872 1584 2898 989
1608 2868 1724 2909 palma
1750 2868 1870 2900 Lamh.
1890 2878 1895 2899 :
1920 2869 1991 2908 pal-

359 2928 433 2947 mas
456 2918 512 2954 OQ
539 2927 544 2947 τ
571 2917 699 2957 palmis
719 2920 744 2946 Q
765 2927 860 2947 corr.
989 2921 1049 2947 999
1073 2927 1178 2957 saep(-
1207 2917 1326 2957 quiete
1353 2919 1410 2953 QQ
1438 2926 1444 2946 :
1471 2916 1637 2955 colligere
1667 2918 1806 2947 aestum
1839 2915 1989 2947 conieci!

358 2964 502 2996 Lachm.
522 2975 527 2994 1
546 2964 637 2994 ucllc
660 2965 780 2995 uolare
799 2964 951 2995 coniecit
977 2965 1098 2996 Munr.
1233 2968 1368 2994 991-999
1395 2964 1488 2995 hune
1511 2974 1683 2995 uersuum
1701 2964 1865 2995 ordinem
1891 2963 1990 2994 resti-

360 3011 428 3042 tuit
448 3012 527 3042 Alfi.
636 3016 694 3041 992
721 3011 890 3052 uocisque
911 3015 967 3049 QQ
1095 3014 1151 3042 99ἱ
1178 3015 1216 3042 ut
1233 3014 1258 3048 Q
1277 3011 1310 3041 1'11
1336 3012 1410 3042 loco
1438 3013 1550 3051 repet.
1576 3021 1582 3041 :
1603 3013 1638 3041 ct
1660 3012 1716 3048 OQ
1802 3013 1860 3040 996
1886 3011 1987 3050 sug-ae

357 3060 456 3099 quasi
476 3059 594 3089 dedita
614 3059 700 3090 Mar.
720 3069 726 3089 t
750 3060 831 3097 suga
850 3059 950 3099 quasi
967 3060 1067 3089 ‹ldila
1085 3060 1140 3096 OQ
1226 3063 1284 3088 997
1304 3059 1487 3088 erroribus
1509 3058 1663 3089 anneh.
1683 3068 1689 3088 :
1715 3058 1912 3089 terroribus
1930 3058 1986 3095 OQ

365 3110 534 3133 10004009.
606 3110 740 3135 05³2-th-
759 3107 839 3136 ssu-l.
861 3106 1014 3136 editor-vs
