2242 3595
377 234 423 273 ἰδ’
515 246 553 274 T.
592 243 762 272 LYCRETl
798 240 906 268 CAIU.
942 250 999 256 --
1025 237 1077 265 DE
1110 236 1252 264 RERVM
1285 235 1467 263 NATYRA.
1500 234 1617 262 LIBER
1650 234 1841 269 QVARTVS

487 348 530 385 et
548 353 851 399 quaecumque
871 334 1082 378 coloribu'
1108 334 1198 376 sint
1215 333 1451 375 coniuncta
1470 332 1639 376 uidere.

485 409 645 450 Sorsus
664 405 771 446 item
790 417 922 458 sapor
948 400 1037 442 oris
1062 399 1197 440 habet
1222 398 1334 448 uim,
1360 413 1513 439 sorsus
1542 397 1700 439 odores

487 473 745 520 nascuntur,
765 481 942 508 sorsum
961 463 1151 507 sonitus.
1181 463 1373 520 Ideoque
1397 467 1624 504 necessest
1911 461 1995 502 495

486 551 574 577 non
594 523 769 591 pos⁶sint
793 531 905 573 alios
928 529 1004 572 alii
1027 528 1294 570 conuincere
1316 542 1489 568 sensus.

483 601 573 642 Nec
600 613 731 656 porro
756 599 966 654 poterunt
988 594 1075 650 ipsi
1101 592 1430 650 reprehendere
1458 607 1570 645 sese,

485 680 626 721 aequa
652 663 762 704 fides
789 659 1001 718 quoniam
1027 657 1209 700 debebit
1232 672 1409 714 semper
1430 656 1597 699 haberi.

487 728 679 772 Proinde
707 726 825 785 quod
852 725 897 766 in
925 728 1147 781 quoquest
1171 723 1240 763 his
1266 722 1417 763 uisum
1441 727 1660 779 tempore,
1689 725 1907 764 uerumst.

484 796 541 837 Et
563 794 599 836 si
626 807 715 835 non
744 790 907 848 poterit
934 789 1046 830 ratio
1067 787 1316 829 dissoluere
1344 802 1542 839 causam,
1911 785 1996 827 000

486 876 563 903 cur
590 874 639 900 ea
664 872 776 916 quae
803 855 969 897 fuerint
990 852 1152 895 iuxtim
1174 852 1407 910 quadrata,
1432 852 1587 908 procul
1614 851 1704 893 sint

484 926 581 968 uisa
600 922 806 974 rotunda,
835 925 988 962 tamen
1014 922 1213 975 praestat
1230 916 1415 958 rationis
1438 921 1644 974 egentem

486 990 670 1033 reddere
695 985 909 1028 mendose
936 998 1097 1026 causas
1118 982 1351 1039 utriusque
1375 982 1559 1038 figurae,

485 1070 619 1113 quam
648 1051 853 1094 manibus
878 1048 1117 1091 manifesta
1142 1047 1235 1089 suis
1263 1046 1467 1089 emittere
1492 1062 1715 1104 quoquam

486 1127 530 1163 et
550 1119 715 1162 uiolare
740 1116 874 1158 fidem
898 1114 1088 1172 primam
1110 1118 1153 1155 et
1177 1113 1429 1154 conuellere
1451 1117 1545 1155 tota
1911 1111 1995 1153 505

486 1185 777 1228 fundamenta
801 1180 964 1238 quibus
984 1179 1163 1221 nixatur
1186 1178 1281 1220 uita
1299 1178 1526 1235 salusque.

485 1251 585 1293 Non
612 1248 745 1290 modo
773 1246 891 1288 enim
916 1244 1027 1286 ratio
1056 1247 1156 1285 ruat
1176 1243 1338 1297 omnis,
1364 1242 1459 1285 uita
1486 1258 1663 1300 quoque
1690 1242 1785 1299 ipsa

487 1314 691 1358 concidat
712 1311 955 1368 extemplo,
980 1309 1067 1351 nisi
1093 1308 1272 1350 credere
1293 1308 1499 1350 sensibus
1526 1308 1646 1350 ausis

488 1378 832 1439 praecipitisque
857 1376 979 1417 locos
1005 1374 1148 1416 uitare
1171 1377 1214 1415 et
1235 1378 1382 1414 cetera
1408 1388 1521 1430 quae
1550 1373 1640 1414 sint

485 1447 530 1487 in
554 1459 715 1502 genere
740 1442 823 1483 hoc
852 1439 1077 1496 fugienda,
1102 1438 1229 1495 sequi
1253 1438 1474 1480 contraria
1498 1453 1612 1495 quae
1640 1437 1745 1480 sint.

487 1511 568 1553 Illa
595 1509 677 1551 tibi
701 1512 769 1550 est
794 1506 931 1563 igitur
953 1504 1194 1546 uerborum
1221 1503 1346 1560 copia
1370 1518 1498 1545 cassa
1915 1501 1999 1543 510

488 1575 634 1618 omnis
658 1587 770 1630 quae
792 1576 946 1613 contra
975 1585 1133 1611 sensus
1154 1569 1376 1610 instructa
1404 1574 1616 1626 paratast.

488 1640 691 1697 Denique
717 1642 767 1679 ut
794 1637 840 1678 in
863 1635 1043 1688 fabrica,
1074 1635 1111 1675 si
1138 1638 1324 1690 prauast
1349 1635 1502 1691 regula
1530 1634 1689 1691 prima,

489 1719 731 1762 normaque
754 1703 792 1744 si
817 1702 953 1744 fallax
976 1701 1111 1743 rectis
1135 1698 1393 1756 regionibus
1420 1700 1528 1752 exit,

484 1777 528 1814 et
548 1770 700 1812 libella
725 1768 875 1825 aliqua
903 1766 939 1807 si
963 1781 1017 1808 ex
1039 1765 1153 1822 parti
1177 1763 1398 1807 claudicat
1421 1764 1579 1812 hilum,
1913 1761 1997 1804 515

485 1836 633 1879 onmia
661 1833 874 1876 mendose
901 1831 995 1873 fieri
1023 1835 1157 1888 atque
1185 1829 1362 1887 obstipa
1384 1834 1617 1873 necessust

486 1918 640 1961 praua,
663 1898 886 1949 cubantia,
914 1912 1070 1954 prona,
1099 1895 1259 1952 supina
1282 1900 1416 1953 atque
1440 1895 1608 1937 absona
1630 1899 1763 1945 tecta,

488 1970 574 2011 iam
597 1981 724 2008 ruere
747 1971 797 2006 ut
822 1962 1041 2021 quaedam
1068 1961 1308 2003 uideantur
1335 1960 1466 2013 uelle,
1491 1965 1729 2018 ruantque,

486 2033 661 2092 prodita
685 2029 860 2073 iudiciis
885 2026 1119 2070 fallacibus
1146 2026 1296 2068 omnia
1322 2025 1494 2082 primis,

488 2100 550 2141 sic
577 2098 713 2154 igitur
731 2094 843 2137 ratio
864 2093 946 2136 tibi
964 2107 1113 2134 rerum
1138 2106 1274 2148 praua
1294 2097 1523 2133 necessest
1918 2088 2002 2131 020

488 2164 688 2220 falsaque
711 2161 784 2214 sit,
814 2159 938 2202 falsis
960 2172 1269 2215 quaecumque
1293 2157 1349 2198 ab
1374 2156 1582 2198 sensibus
1604 2160 1762 2198 ortast.

546 2229 676 2271 Nunc
698 2226 772 2268 alii
801 2239 959 2267 sensus
980 2239 1068 2280 quo
1090 2227 1220 2280 pacto
1243 2222 1433 2279 quisque
1453 2236 1580 2263 suam
1604 2236 1696 2263 rem

489 2294 667 2344 sentiat,
697 2291 1046 2347 haudquaquam
1065 2288 1176 2330 ratio
1197 2303 1408 2344 scruposa
1425 2286 1638 2330 relictast.

549 2358 773 2414 Principio
797 2356 977 2398 auditur
998 2369 1134 2396 sonus
1156 2359 1199 2396 et
1219 2369 1308 2395 uox
1335 2352 1497 2401 omnis,
1521 2352 1567 2393 in
1589 2351 1708 2394 auris

487 2425 710 2466 insinuata
740 2438 820 2463 suo
839 2420 1049 2477 pepulere
1070 2419 1147 2461 ubi
1174 2434 1357 2475 corpore
1386 2433 1584 2460 sensum.
1918 2414 2002 2458 525

489 2491 761 2546 Corporealn
783 2495 834 2536 <
863 2501 1019 2528 uocem
1048 2493 1100 2534 >
1127 2499 1303 2541 quoque
1331 2484 1451 2525 enim
1479 2487 1683 2524 constare
1710 2482 1984 2525 fatendumst

488 2562 530 2597 et
557 2554 770 2605 sonitum,
802 2552 1013 2609 quoniam
1036 2554 1226 2607 possunt
1244 2549 1458 2605 inpellere
1486 2563 1662 2590 sensus,

492 2622 722 2662 Praeterea
748 2618 862 2660 radit
889 2633 978 2659 uox
1000 2617 1150 2658 fauces
1172 2630 1302 2671 saepe
1332 2614 1524 2670 facitque

417 2812 469 2839 '11⁰3
498 2809 618 2839 nidere
638 2808 778 2837 Lachm.
806 2816 810 2836 3
833 2808 1013 2836 necessest
1034 2807 1090 2839 {lt}
1184 2806 1233 2833 'mi
1254 2813 1375 2833 sersus
1406 2812 1410 2832 :
1438 2812 1583 2832 seorsus
1609 2805 1635 2839 Q
1654 2811 1813 2832 scorsum
1834 2804 1859 2829 (Ι
1954 2802 2004 2830 293

373 2860 569 2887 nascuntur
595 2856 669 2886 Ver.
693 2865 698 2884 2
726 2857 919 2885 nascantur
939 2854 995 2888 OQ
1090 2854 1140 2881 imi
1161 2851 1299 2891 possint
1320 2850 1380 2880 1:51
1404 2852 1575 2890 :possunt
1595 2849 1651 2887 OQ
1744 2851 1794 2878 597
1813 2850 2002 2888 poterunt:

374 2907 488 2944 potes«
513 2906 539 2939 Q
552 2904 703 2944 possunt
721 2904 747 2938 Q
771 2912 864 2932 corr.
961 2902 1010 2929 '098
1031 2910 1141 2940 acque
1163 2899 1225 2929 1:27
1249 2909 1254 2929 :
1281 2908 1393 2937 aequa
1418 2900 1475 2933 tw
1563 2900 1619 2926 500
1639 2897 1772 2937 polerit
1795 2896 1818 2925 L
1837 2905 1843 2926 :
1869 2895 2005 2935 poteris

374 2954 429 2987 (HJ
516 2954 567 2980 501
593 2950 712 2980 iustini
732 2950 787 2986 OQ
803 2949 1014 2989 quadratam
1030 2950 1055 2977 Ι)
1143 2950 1200 2975 502
1215 2945 1367 2976 rutunda
1383 2944 1439 2981 OQ
1521 2947 1574 2974 511
1591 2954 1691 2974 cassa
1709 2953 1714 2974 :
1732 2954 1812 2973 casn
1827 2944 1853 2973 0
1868 2951 2004 2973 cassam

375 3001 410 3034 Q,
437 3008 515 3028 cnm
542 3006 587 3028 m.
619 2999 654 3027 ul
683 2996 841 3028 uidclur,
867 3005 984 3026 erasa.
1021 2996 1079 3023 514
1107 2994 1136 3023 si
1166 2993 1206 3029 Q.
1245 3002 1338 3023 corr.
1363 3002 1368 3022 ;
1396 2991 1464 3021 sibi
1492 2993 1546 3027 04)
1633 2994 1691 3021 510
1710 3000 1859 3021 necessu
1878 2992 1932 3019 est
1951 2988 2002 3019 0:

374 3055 518 3075 neccsse
537 3048 590 3075 est
612 3046 637 3079 Q
725 3047 780 3073 517
801 3053 911 3082 praua
931 3042 1020 3074 Mar.
1044 3051 1049 3072 :
1071 3041 1262 3081 paruaOQ
1327 3042 1386 3069 526
1403 3048 1574 3079 corporea
1601 3040 1657 3075 OQ
1688 3047 1813 3068 nocem
1839 3037 1902 3067 hoc
1929 3036 2004 3066 1000

374 3092 458 3122 adal.
510 3091 648 3121 karlum.
680 3093 758 3132 I'‘’⁸‘
778 3091 869 3120 υιιίιιι
891 3090 900 3119 Ι
923 3092 957 3119 :tl
1049 3091 1106 3118 5³28
1127 3092 1309 3128 prat-{crea
1332 3088 1356 3114 (Ι
1384 3097 1389 3117 2
1428 3088 1616 3127 propterca
1649 3086 1674 3122 Q
