2242 3595
395 227 448 268 60

542 242 579 268 Τ.
618 241 789 268 LVCRETl
826 240 934 268 CARI.
973 252 1028 255 --
1064 239 1112 266 DE
1150 239 1288 266 RERVM
1323 238 1504 266 NATVRA.
1541 238 1659 265 LIBER
1692 239 1882 281 QVARTVS

570 339 731 381 Errant
755 353 886 395 saepe
911 353 1043 379 canes
1067 337 1216 394 itaque
1241 341 1285 379 et
1307 336 1500 392 uestigia
1523 342 1756 394 quaerunt.
1936 336 2019 378 705

631 404 742 460 [Nec
764 407 915 444 tamen
930 403 1013 444 hoc
1038 402 1145 444 solis
1171 402 1216 444 in
1243 401 1454 443 odoribus
1475 406 1609 459 atque
1636 416 1845 459 saporum

552 468 612 509 in
641 472 865 524 generest,
891 469 968 509 sed
995 468 1103 509 item
1131 468 1303 524 species
1319 482 1464 508 rerum
1485 472 1618 524 atque
1643 466 1813 508 colores

570 548 659 574 non
687 532 747 574 ita
771 533 1048 575 conueniunt
1069 533 1123 575 ad
1142 547 1300 574 sensus
1325 531 1533 573 omnibus
1555 547 1725 584 omneS,

567 603 617 639 ut
640 613 729 639 non
758 598 846 640 sint
869 598 967 640 aliis
988 599 1207 655 quaedam
1235 597 1378 653 magis
1405 597 1521 638 acria
1545 596 1663 639 uisu.

570 662 688 713 Quin
716 663 850 705 etiam
877 663 1064 720 gallum,
1092 669 1269 705 noctem
1298 660 1674 719 explaudentibus
1696 661 1779 703 alis
1938 659 2022 702 740

571 743 776 769 auroram
803 729 921 770 clara
946 733 1211 770 consuetum
1237 743 1344 769 uoce
1371 742 1548 779 uocare,

569 808 717 835 noenu
745 799 914 850 queunt
935 794 1077 835 rabidi
1098 798 1254 835 contra
1272 797 1477 834 constare
1496 793 1648 834 leones

569 858 705 915 inque
730 859 843 900 tue1i
872 871 880 900 1
906 859 966 900 ita
988 859 1201 901 continuo
1225 858 1467 900 meminere
1489 857 1627 914 fugai

567 923 787 965 Nimirum
815 925 916 981 quia
947 929 1053 966 sunt
1072 923 1326 980 gallorum
1317 939 1363 964 ln
1390 938 1572 979 corpore
1598 922 1816 980 quaedam

566 989 756 1041 semina,
784 1005 896 1046 quae
918 1005 1017 1031 cum
1046 994 1150 1031 sunt
1174 989 1344 1030 oculis
1335 988 1534 1030 immissa
1563 988 1759 1040 leonum,
1938 986 2023 1028 715

571 1054 766 1110 pupillas
788 1055 1082 1096 interfodiunt
1109 1069 1344 1112 aciemque
1372 1054 1572 1096 dolorem

573 1120 804 1176 praebent,
835 1125 885 1162 ut
910 1125 1134 1177 nequeant
1157 1125 1309 1161 contra
1338 1119 1495 1161 durare
1518 1119 1687 1160 feroces
1707 1133 1715 1169 ;

570 1199 672 1226 cum
700 1190 850 1227 tamen
879 1186 987 1228 haec
1015 1191 1192 1227 nostras
1219 1185 1336 1226 acies
1356 1185 1420 1226 nil
1438 1185 1611 1226 laedere
1636 1183 1826 1241 possint,

572 1255 645 1290 aut
674 1251 777 1307 quia
796 1267 883 1292 non
907 1255 1144 1308 penetrant
1168 1255 1244 1291 aut
1269 1250 1388 1308 quod
1412 1249 1752 1307 penetrantibus
1780 1248 1868 1289 illis

572 1315 718 1357 exitus
737 1331 791 1357 ex
810 1316 950 1358 oculis
974 1316 1088 1358 liber
1108 1316 1253 1368 datur,
1275 1315 1320 1356 in
1348 1315 1610 1357 remorando
1939 1313 2024 1354 720

570 1380 743 1422 laedere
762 1396 817 1423 ne
845 1381 1019 1438 possint
1043 1397 1094 1423 ex
1122 1381 1213 1424 ulla
1235 1380 1406 1423 lumina
1431 1381 1592 1438 parte]

628 1453 756 1495 Nunc
785 1469 864 1510 age
886 1468 999 1510 quae
1018 1459 1229 1496 moueant
1250 1454 1447 1496 animum
1476 1469 1545 1495 res
1572 1452 1737 1509 accipe,
1761 1457 1804 1493 et
1824 1450 1942 1493 unde

570 1533 683 1574 quae
701 1518 890 1560 ueniunt
910 1520 1095 1561 ueniant
1117 1519 1161 1561 in
1187 1524 1382 1561 mentem
1410 1519 1588 1576 percipe
1615 1518 1784 1575 paucis.

574 1583 798 1641 Principio
820 1584 903 1626 hoc
920 1585 1035 1636 dico,
1059 1601 1206 1627 rerum
1227 1585 1464 1626 simulacra
1485 1583 1638 1640 uagari

572 1649 714 1691 multa
738 1650 883 1691 modis
909 1650 1063 1692 multis
1088 1650 1132 1691 in
1161 1655 1346 1692 cunctas
1371 1650 1570 1707 undique
1598 1649 1738 1706 partis
1937 1646 2025 1689 725

573 1715 738 1767 tenuia,
769 1730 881 1771 quae
902 1715 1029 1757 facile
1056 1715 1173 1757 inter
1196 1731 1242 1757 se
1270 1715 1517 1771 iunguntur
1540 1714 1585 1755 in
1612 1713 1745 1763 auris,

572 1779 703 1821 obuia
725 1796 825 1821 cum
846 1781 1049 1833 ueniunt,
1075 1786 1125 1823 ut
1148 1796 1307 1822 aranea
1326 1780 1584 1837 bratteaque
1603 1779 1713 1821 auri.

572 1846 746 1902 Quippe
780 1846 947 1888 etenim
980 1846 1122 1888 multo
1152 1847 1294 1903 magis
1320 1846 1428 1888 haec
1457 1850 1562 1887 sunt
1580 1844 1729 1887 tenuia
1752 1848 1879 1886 textu

572 1925 705 1966 quam
727 1927 840 1968 quae
868 1912 1118 1969 percipiunt
1138 1912 1292 1953 oculos
1313 1912 1552 1968 uisumque
1579 1911 1823 1961 lacessunt,

571 1976 768 2032 corporis
789 1977 895 2018 haec
923 1977 1136 2034 quoniam
1162 1982 1396 2034 penetrant
1418 1992 1495 2033 per
1520 1990 1632 2027 rara,
1652 1975 1858 2031 cientque
1941 1972 2024 2014 730

571 2046 751 2083 tenuem
770 2042 906 2083 animi
929 2048 1136 2084 naturam
1158 2042 1280 2084 intus
1309 2056 1581 2098 sensumque
1602 2040 1843 2081 lacessunt.

571 2106 821 2149 Centauros
843 2108 992 2165 itaque
1014 2112 1058 2150 et
1086 2107 1339 2164 Scyllarum
1369 2106 1568 2148 membra
1586 2105 1793 2147 uidemus

570 2172 902 2230 Cerbereasque
927 2188 1085 2214 canum
1110 2172 1242 2215 facies
1265 2172 1591 2229 simulacraque
1613 2185 1765 2212 eorum

573 2253 764 2294 quorum
790 2243 931 2280 morte
960 2238 1079 2279 obita
1105 2238 1239 2280 tellus
1264 2236 1553 2295 amplectitur
1579 2251 1707 2288 ossa;

570 2319 699 2345 omne
723 2319 866 2360 genus
894 2303 1105 2361 quoniam
1130 2304 1297 2360 passim
1319 2302 1559 2344 simulacra
1580 2301 1798 2353 feruntur,
1941 2300 1992 2341 73

571 2369 733 2425 partim
758 2373 917 2426 sponte
943 2384 1022 2410 sua
1038 2384 1150 2426 quae
1173 2368 1284 2410 liunt
1306 2383 1404 2410 aere
1427 2368 1470 2409 in
1490 2368 1603 2425 ipso,

569 2434 732 2491 partim
760 2449 873 2491 quae
891 2434 1028 2475 uariis
1051 2434 1105 2475 ab
1135 2434 1267 2475 rebus
1295 2449 1486 2490 cumque
1506 2432 1720 2474 recedunt

573 2504 616 2540 et
643 2514 755 2556 quae
774 2499 974 2541 confiunt
1001 2514 1051 2540 ex
1078 2498 1235 2540 horum
1260 2498 1372 2540 facta
1396 2498 1566 2553 figuris,

575 2565 690 2606 Nam
718 2569 835 2606 certe
861 2580 915 2606 ex
939 2565 1043 2606 uiuo
1073 2563 1287 2605 Centauri
1311 2579 1399 2605 non
1419 2566 1467 2605 {it
1491 2563 1655 2620 imago,

573 2629 694 2671 nulla
720 2629 802 2671 fuit
827 2630 1037 2686 quoniam
1057 2629 1161 2671 talis
1189 2634 1347 2671 natura
1371 2628 1576 2670 animalis
1601 2643 1608 2681 ;
1942 2627 2025 2670 740

572 2710 729 2736 uerum
750 2694 824 2736 ubi
846 2695 948 2751 oqui
969 2699 1103 2751 atque
1130 2695 1324 2736 hominis
1346 2709 1451 2736 casu
1480 2694 1691 2736 conuenit
1710 2694 1875 2751 imago,

2001 2301 2025 2342 Ut

438 2905 569 2933 706-721
596 2902 737 2932 uncinis
754 2901 838 2932 incl.
860 2901 938 2932 edd.
1028 2905 1084 2932 712
1109 2902 1224 2931 rabidi
1252 2901 1443 2941 Wakefield
1475 2911 1481 2931 :
1508 2901 1622 2942 rapidi
1651 2902 1707 2938 OQ
1793 2904 1850 2931 713
1881 2901 1974 2941 fugai
2000 2901 2026 2938 Q

396 2959 489 2980 COI'I'.
522 2960 527 2979 Ζ

559 2951 639 2987 suga
665 2950 722 2986 OQ
810 2953 866 2978 719
893 2949 962 2979 illis
986 2949 1012 2986 Q
1037 2959 1130 2979 corr.
1156 2958 1161 2979 :
1182 2949 1250 2979 ilus
1273 2949 1330 2986 OQ
1397 2952 1454 2978 730
1469 2959 1532 2989 per
1549 2959 1626 2979 rara
1645 2949 1733 2979 Mar.
1755 2960 1761 2981 :
1788 2958 1913 2989 perara
1938 2948 1995 2984 OQ
2017 2958 2023 2979 :

395 3007 457 3037 pcr
475 3007 554 3027 acra
571 3000 596 3026 l)
616 3006 709 3027 corr.
784 3000 840 3026 7:35
861 3007 965 3027 omne
981 2996 1213 3036 genusMar.:
1239 2997 1450 3033 omnigenus
1473 2999 1530 3033 OQ
1619 2999 1675 3027 736
1695 2997 1785 3027 fiunt
1800 2995 1910 3026 Maru:
1938 2995 2028 3026 flunt

396 3049 444 3073 ¹1:
469 3045 581 3075 fluunt
604 3046 628 3080 Q
654 3047 679 3073 l)
705 3053 799 3074 corr.
890 3046 946 3073 740
972 3044 1134 3074 animalis
1162 3043 1280 3074 Lamb.
1303 3053 1308 3073 :
1336 3043 1451 3074 anima
1484 3046 1540 3080 (Μ)
1562 3053 1567 3073 ;
1591 3044 1782 3074 animantis
1806 3042 1878 3081 Gis.
1906 3042 2024 3074 Munr.

399 3092 516 3122 wass.

611 3094 661 3121 721
691 3091 844 3120 hominis
871 3094 895 3126 (J
921 3101 1014 3121 corr.
1038 3102 1042 3121 z
1065 3091 1225 3121 homines
1245 3092 1312 3127 HQ
