2242 3595
367 214 423 257 22
516 229 553 258 T.
590 227 762 256 LVCRETl
796 226 902 254 CARI.
939 237 997 242 —-
1029 225 1081 252 DE
1114 225 1255 252 RERVM
1289 223 1470 252 NATVRA.
1508 224 1629 252 LIBER
1661 224 1852 258 QVARTVS

574 325 661 368 Sed
688 324 900 381 quoniam
922 322 1052 364 docui
1076 326 1338 364 cunctarum
1366 322 1547 365 exordia
1569 337 1719 365 rerum
1901 324 1992 382 [45]

513 391 657 447 qualia
687 389 776 430 sint
799 393 842 430 et
863 403 997 445 quam
1023 387 1161 429 uariis
1185 387 1394 429 distantia
1416 386 1568 429 formis
1899 389 1991 446 [46]

513 459 671 511 sponte
698 469 777 495 sua
797 453 988 494 uolitent
1013 458 1193 495 aeterno
1213 441 1380 508 percita
1401 456 1542 504 motu,
1902 453 1990 511 [47]

510 534 686 576 quoque
714 518 846 559 modo
867 518 1012 574 possit
1034 532 1104 559 res
1131 533 1185 558 ex
1208 517 1277 558 his
1303 532 1505 574 quaeque
1532 518 1686 571 creari,
1902 518 1992 576 [48]

511 590 644 642 atque
669 583 805 625 animi
826 583 1038 640 quoniam
1063 582 1193 624 docui
1213 587 1368 624 natura
1397 581 1504 638 quid
1528 587 1661 634 esset,
1811 582 1864 625 30
1902 583 1991 642 [26]

510 655 554 691 et
581 648 743 706 quibus
764 664 786 690 e
807 648 940 690 rebus
962 663 1062 689 curn
1091 662 1273 704 corpore
1299 652 1477 703 compta
1496 647 1685 703 uigeret,

510 730 655 771 quoue
677 714 809 755 modo
831 713 1045 755 distracta
1068 712 1233 755 rediret
1259 713 1303 753 in
1332 712 1453 753 ordia
1474 711 1633 768 prima,

507 795 626 820 nunc
648 794 777 836 agere
804 778 1016 835 incipiam
1039 777 1137 830 tibi,
1165 778 1283 834 quod
1310 781 1542 819 uementer
1561 777 1616 818 ad
1637 777 1717 819 has
1735 793 1806 819 res

507 845 684 896 attinet,
714 859 810 885 esse
835 859 882 885 ea
908 858 1020 900 quae
1048 858 1195 884 rerum
1221 842 1457 884 simulacra
1480 857 1725 896 uocamus3

507 925 635 967 quae,
666 909 792 966 quasi
813 909 1101 950 membranae
1126 923 1302 949 summo
1324 908 1377 949 de
1399 922 1583 963 corpore
1604 923 1753 949 rerum
1807 908 1861 950 35
1898 909 1988 966 [31]

448 1008 451 1010 v
505 976 729 1031 dereptae,
756 974 949 1015 uolitant
969 974 1176 1030 ultroque
1197 973 1398 1030 citroque
1418 988 1495 1029 per
1518 987 1663 1025 auras⁷

505 1046 636 1097 atque
665 1039 818 1080 eadem
842 1038 972 1080 nobis
998 1038 1294 1095 uigilantibus
1319 1037 1450 1079 obuia
1478 1037 1643 1078 mentis

503 1105 748 1147 terrificant
770 1108 903 1160 atque
923 1104 969 1145 in
998 1103 1185 1156 somnis,
1209 1119 1311 1144 cum
1331 1118 1461 1159 saepe
1486 1103 1652 1159 figuras

503 1170 760 1212 contuimur
785 1169 921 1210 miras
943 1168 1274 1225 simulacraque
1292 1169 1391 1210 luce
1413 1172 1662 1220 carentum,

502 1250 617 1292 quae
645 1250 726 1276 nos
752 1234 956 1276 horrifice
983 1234 1240 1290 languentis
1265 1248 1397 1290 saepe
1417 1248 1575 1290 sopore
1801 1233 1855 1275 40
1893 1234 1986 1293 [36]

501 1300 749 1351 excierunt,
776 1315 832 1341 ne
858 1299 972 1341 forte
996 1299 1169 1340 animas
1191 1298 1453 1340 Acherunte
1474 1312 1650 1339 reamur

502 1366 696 1421 effugere
723 1368 800 1406 aut
826 1364 1011 1406 umbras
1038 1364 1155 1406 inter
1180 1363 1310 1405 uiuos
1330 1363 1536 1416 uolitare,

500 1446 613 1473 neue
637 1430 807 1487 aliquid
826 1429 968 1471 nostri
992 1434 1095 1486 post
1113 1434 1304 1470 mortem
1328 1444 1459 1484 posse
1483 1428 1692 1486 relinqui,

498 1511 599 1538 cum
623 1511 784 1551 corpus
813 1495 945 1536 simul
971 1498 1106 1551 atque
1133 1493 1272 1535 animi
1298 1499 1457 1535 natura
1480 1499 1709 1550 perempta

497 1562 542 1603 in
565 1576 644 1602 sua
665 1561 915 1602 discessum
942 1560 1147 1602 dederint
1173 1559 1416 1615 primordia
1441 1573 1658 1616 quaeque.
1806 1560 1859 1602 45
1895 1560 1988 1618 [41]

557 1626 668 1668 Dico
695 1626 834 1682 igitur
859 1640 1008 1666 rerum
1035 1624 1205 1680 effigias
1226 1624 1464 1681 tenuisque
1489 1624 1654 1679 figuras
1897 1626 1989 1684 [42]

499 1684 669 1734 mittier
692 1691 746 1733 ab
774 1690 908 1732 rebus
936 1705 1112 1731 summo
1131 1690 1185 1731 de
1210 1704 1395 1746 corpore
1424 1705 1588 1741 rerum,
1894 1691 1986 1749 [43]

495 1773 610 1815 quae
637 1757 765 1814 quasi
793 1755 1079 1797 membranae
1100 1755 1174 1796 uel
1196 1760 1349 1796 cortex
1376 1754 1751 1808 nominitandast,
1804 1755 1859 1797 50
1896 1756 1986 1814 [51]

495 1824 614 1881 quod
641 1823 837 1880 speciem
864 1837 913 1863 ac
938 1821 1128 1863 formam
1150 1820 1345 1862 similem
1369 1820 1486 1876 gerit
1510 1820 1604 1861 eius
1625 1820 1790 1877 imago,
1895 1822 1986 1879 [52]

495 1889 817 1944 cuiuscumque
845 1887 965 1928 cluet
986 1887 1039 1928 de
1063 1902 1246 1943 corpore
1272 1885 1369 1927 fusa
1389 1885 1558 1942 uagari.
1895 1888 1984 1945 [53]

492 1954 543 1995 Id
570 1954 674 1995 licet
697 1953 800 1994 hinc
819 1951 1025 2009 quamuis
1046 1951 1195 1992 hebeti
1217 1965 1487 2006 cognoscere
1515 1951 1661 1992 corde.
1890 1952 1984 2009 [44]

494 2018 718 2074 Principio
744 2017 957 2073 quoniam
981 2016 1168 2057 mittunt
1192 2016 1236 2057 in
1262 2015 1396 2057 rebus
1422 2015 1590 2071 apertis

1931 2082 1985 2124 55

494 2098 681 2140 corpora
701 2099 771 2124 res
798 2082 984 2135 multae,
1009 2081 1173 2138 partim
1199 2081 1362 2122 diffusa
1389 2080 1551 2133 solute,

494 2148 653 2190 robora
675 2163 756 2190 ceu
774 2147 945 2189 sumum
971 2147 1160 2188 mittunt
1187 2146 1403 2203 ignesque
1427 2161 1657 2202 uaporem,

495 2219 538 2255 et
563 2213 726 2270 partim
755 2216 967 2254 contexta
991 2210 1137 2267 magis
1166 2211 1496 2267 condensaque,
1518 2215 1567 2252 ut
1595 2211 1702 2253 olim

493 2295 595 2321 cum
620 2278 775 2320 teretis
800 2282 975 2333 ponunt
997 2277 1173 2319 tunicas
1201 2280 1370 2318 aestate
1392 2276 1585 2328 cicadae,

492 2349 535 2386 et
559 2344 690 2386 uituli
712 2358 813 2385 cum
835 2342 1122 2384 membranas
1150 2342 1202 2383 de
1224 2357 1408 2398 corpore
1428 2357 1603 2383 summo

491 2414 728 2450 nascentes
754 2408 958 2459 mittunt,
983 2412 1026 2449 et
1047 2407 1154 2449 item
1182 2422 1283 2448 cum
1310 2407 1479 2448 lubrica
1502 2422 1684 2464 serpens
1926 2409 1981 2450 60

487 2474 610 2516 exuit
632 2475 677 2515 in
705 2473 849 2530 spinis
868 2478 1043 2514 uestem
1063 2487 1071 2525 3
1100 2488 1204 2513 nam
1227 2487 1358 2528 saepe
1384 2472 1592 2514 uidemus

490 2539 668 2581 illorum
695 2538 851 2595 spoliis
869 2537 1020 2594 uepris
1041 2536 1338 2579 uolitantibus
1361 2541 1516 2579 auctas
1554 2549 1563 2579 :

488 2619 600 2661 quae
625 2603 836 2660 quoniam
864 2603 992 2655 fiunt,
1018 2602 1167 2644 tenuis
1191 2617 1370 2659 quoque
1392 2601 1525 2643 debet
1551 2602 1699 2658 imago

488 2669 544 2710 ab
572 2668 704 2710 rebus
728 2668 846 2710 mitti
874 2683 1049 2710 summo
1074 2668 1128 2709 de
1150 2683 1334 2724 corpore
1360 2682 1521 2711 rerum.

381 2873 477 2900 26-29
494 2883 533 2897 Ξ
551 2869 613 2908 ΙΙΙ,
633 2871 728 2899 31-31
818 2872 910 2899 26-53
936 2869 1032 2899 huuc
1053 2879 1225 2899 uersuum
1242 2868 1406 2899 ordinem
1432 2869 1593 2900 restituit
1609 2869 1786 2901 Marullus
1851 2874 1889 2899 36
1914 2871 1979 2901 (16-

337 2920 460 2957 rcptac
481 2919 506 2954 Q
529 2928 535 2948 :
562 2917 724 2957 direptae
750 2916 775 2945 ί)
802 2926 808 2947 :
842 2919 877 2946 -Μ
903 2917 1012 2947 animi
1036 2920 1062 2945 (Ι
1086 2927 1092 2947 ;
1122 2917 1239 2947 anima
1272 2917 1297 2952 Q
1384 2919 1422 2946 46
1436 2917 1571 2956 effigias
1594 2917 1809 2948 Lambinus:
1829 2918 1978 2957 effugias

343 2965 398 2999 OQ
465 2967 501 2994 *29
527 2976 680 3004 corpore
699 2964 819 2995 Lamb.
837 2974 843 2994 2
863 2964 998 2994 cortice
1020 2964 1087 3002 OQ,
1108 2974 1227 2993 rerum
1251 2964 1407 2994 Lachm.:
1430 2974 1552 2994 eorum
1573 2964 1629 3001 OQ
1696 2967 1746 3002 48,
1770 2967 1807 2994 49
1837 2965 1977 3005 [49][50]

333 3025 371 3037 Ξ
388 3015 436 3049 33,
461 3014 496 3041 34
517 3013 579 3051 [29]
601 3012 664 3052 [30]
687 3011 769 3042 secl.
797 3011 883 3042 Mar.
974 3014 1011 3040 50
1031 3021 1121 3051 quae
1144 3011 1222 3048 ὶδι,
1251 3010 1390 3042 Nonius
1411 3014 1481 3049 199,
1507 3015 1544 3041 35
1568 3021 1574 3042 :
1597 3012 1657 3052 qui
1677 3012 1795 3050 O,om.
1821 3012 1847 3048 Q
1935 3016 1973 3042 52

327 3058 422 3089 cluet
440 3058 549 3089 editio
567 3058 766 3090 miriensis
787 3069 792 3089 ;
814 3059 908 3089 ciunt
935 3058 991 3095 OQ
1078 3059 1115 3087 54
1137 3058 1286 3088 mittunt
1306 3058 1330 3088 L
1359 3068 1365 3089 :
1387 3059 1582 3089 mittuntur
1613 3058 1668 3095 OQ
1757 3063 1794 3089 62
1822 3059 1969 3090 illorum

337 3104 471 3146 Briey.:
490 3107 613 3137 auctos
634 3106 659 3142 Q
744 3108 781 3135 63
803 3105 910 3136 debet
928 3106 954 3141 Q
971 3115 1086 3137 cor-72:
1108 3105 1199 3136 debe
1223 3105 1278 3141 OQ
