2242 3595
402 231 456 273 66
566 247 604 273 τ.
643 243 812 273 means·
841 245 949 272 mm.
980 257 1035 260 -
1069 242 1120 271 DE
1153 244 1292 271 RERVM
1328 243 1510 271 NATURA.
1541 241 1659 271 LIBER
1690 242 1883 277 QVARTVS

579 343 780 384 eiusdem
804 341 1001 398 generis,
1034 342 1111 383 sed
1132 341 1297 383 femina
1325 356 1437 398 quae
1457 341 1543 383 fuit
1570 347 1690 394 ante,

578 408 622 448 in
654 406 862 448 menibus
889 405 959 448 uir
984 406 1050 448 uti
1077 405 1221 448 factus
1253 406 1461 448 uideatur
1487 405 1663 461 adesse,
1944 406 2028 449 820

571 457 652 513 'aut
670 471 758 513 alia
783 486 836 513 ex
858 471 941 513 alia
967 471 1101 513 facies
1122 476 1333 528 aetasque
1363 476 1592 529 sequatur.

575 535 705 587 Quod
727 551 782 578 ne
810 536 1024 578 miremur
1057 552 1190 593 sopor
1213 541 1347 593 atque
1374 535 1538 578 obliuia
1561 541 1735 578 curant.
1907 536 2031 593 [826]

576 601 712 658 [Illud
735 601 780 642 in
802 601 871 642 his
890 601 1022 643 rebus
1043 601 1203 644 uitium
1227 605 1459 643 uementer
1485 601 1634 643 inesse
1906 600 2028 658 [822]

1108 791 1166 849 ²2<ssss

572 981 781 1037 effugere,
810 996 1001 1023 errorem
1030 980 1264 1037 uitareque
1290 984 1669 1037 praemetuenter‚
1905 980 2029 1038 [823]

571 1046 738 1087 lumina
764 1061 819 1087 ne
842 1046 977 1087 facias
1003 1046 1231 1087 oculorum
1256 1045 1374 1087 clara
1396 1049 1562 1098 creata,
1805 1045 1888 1088 825
1908 1045 2030 1103 [824]

571 1111 824 1167 prospicere
848 1117 898 1153 ut
925 1126 1176 1168 possemus,
1202 1116 1245 1152 et
1268 1115 1318 1152 ut
1342 1108 1540 1167 proferre
1565 1125 1783 1167 queamus
1907 1110 2028 1168 [825]

568 1192 778 1233 proceros
804 1191 979 1234 paSSUS,
1004 1176 1104 1218 ideo
1132 1175 1312 1231 fastigia
1338 1191 1471 1232 posse

569 1257 775 1283 surarum
794 1257 843 1283 ac
871 1241 1088 1283 feminum
1115 1240 1303 1298 pedibus
1325 1240 1508 1283 fundata
1530 1240 1700 1298 plicari,

570 1306 778 1348 bracchia
806 1313 902 1348 tum
923 1322 1056 1363 porro
1083 1305 1246 1347 ualidis
1271 1321 1326 1347 ex
1344 1311 1449 1362 apta
1469 1305 1649 1348 lacertis

567 1387 664 1413 esse
680 1387 928 1430 manusque
944 1373 1072 1413 datas
1088 1376 1276 1428 utraque
1294 1378 1347 1420 <
1364 1386 1419 1412 ex
1435 1378 1489 1420 >
1514 1376 1638 1428 parte
1658 1371 1903 1425 ministras,
1940 1372 2024 1415 830

565 1442 615 1478 ut
646 1437 786 1479 facere
808 1438 863 1479 ad
886 1437 1027 1480 uitam
1049 1451 1285 1493 possemus
1308 1452 1419 1494 quae
1447 1436 1561 1478 foret
1583 1452 1706 1478 usus.

569 1502 724 1545 Cetera
749 1504 803 1544 de
830 1518 993 1559 genere
1015 1504 1098 1544 hoc
1117 1502 1233 1544 inter
1259 1517 1569 1559 quaecumque
1595 1507 1831 1558 pretantur

566 1568 715 1609 omnia
736 1584 943 1625 peruersa
964 1572 1253 1624 praepostera
1274 1571 1378 1608 sunt
1402 1582 1445 1609 ra
1455 1567 1588 1621 tione,

565 1633 628 1674 nil
650 1633 748 1675 ideo
770 1633 982 1690 quoniam
1003 1637 1208 1674 natumst
1229 1632 1274 1673 in
1297 1648 1481 1689 corpore
1508 1637 1555 1674 ut
1580 1632 1647 1674 uti

564 1713 815 1754 possemus,
847 1699 925 1740 sed
952 1698 1072 1754 quod
1100 1702 1300 1739 natumst
1333 1697 1378 1739 id
1405 1702 1609 1754 procreat
1631 1713 1779 1741 usum.
1936 1698 2020 1740 835

565 1762 658 1805 Nec
685 1763 769 1806 fuit
790 1768 891 1806 ante
918 1763 1069 1805 uidere
1097 1762 1329 1804 oculorum
1349 1762 1523 1804 lumina
1543 1768 1662 1816 nata,

561 1844 642 1870 nec
669 1828 800 1870 dictis
823 1844 946 1870 orare
971 1828 1093 1885 prius
1119 1843 1253 1886 quam
1274 1827 1429 1885 lingua
1453 1833 1662 1880 creatast,

562 1894 640 1935 sed
663 1894 813 1950 potius
838 1894 970 1949 longe
1007 1893 1188 1949 linguae
1217 1893 1463 1949 praecessit
1487 1893 1610 1950 origo

559 1974 828 2011 sermonem,
856 1958 1089 2015 multoque
1119 1963 1293 2000 creatae
1321 1963 1428 2000 sunt
1452 1958 1576 2015 prius
1601 1973 1730 2000 aures

559 2040 694 2081 quam
722 2040 858 2066 sonus
880 2029 948 2066 est
975 2024 1170 2076 auditus,
1202 2028 1246 2066 et
1271 2024 1418 2065 omnia
1444 2023 1636 2081 denique
1657 2023 1856 2066 membra
1929 2023 2015 2065 840

560 2095 662 2132 ante
689 2089 825 2142 fuere,
852 2095 900 2131 ut
922 2089 1095 2146 opinor,
1123 2104 1277 2131 eorum
1299 2104 1435 2146 quam
1456 2089 1570 2131 foret
1590 2104 1716 2131 usus.

562 2155 694 2196 Haud
721 2155 858 2211 igitur
879 2160 1063 2212 potuere
1085 2154 1240 2196 utendi
1262 2169 1460 2196 crescere
1481 2169 1629 2196 causa.

559 2221 623 2263 At
649 2225 802 2262 contra
823 2220 1024 2262 conferre
1047 2235 1183 2261 manu
1203 2219 1447 2261 certamina
1474 2234 1667 2276 pugnae,

557 2291 600 2328 et
626 2286 820 2327 lacerare
849 2290 970 2327 artus
999 2285 1264 2342 foedareque
1287 2284 1486 2326 membra
1511 2300 1667 2326 cruore

558 2356 660 2393 ante
688 2351 772 2393 fuit
799 2352 940 2393 multo
963 2366 1097 2408 quam
1119 2350 1267 2392 lucida
1295 2349 1384 2392 tela
1408 2349 1631 2402 uolarent,
1930 2349 2015 2391 845

558 2421 602 2458 et
622 2417 783 2457 uolnus
807 2416 949 2458 uitare
971 2416 1094 2472 prius
1119 2420 1278 2457 natura
1304 2415 1449 2472 coegit

556 2497 691 2539 quam
721 2482 846 2522 daret
872 2481 1097 2523 obiectum
1118 2480 1287 2537 parmai
1314 2480 1442 2522 laeua
1468 2496 1546 2537 per
1567 2484 1724 2523 artem.

557 2547 737 2589 Scilicet
763 2552 806 2589 et
827 2546 995 2588 fessum
1016 2562 1178 2603 corpus
1197 2546 1408 2588 mandare
1431 2545 1570 2602 quieti

556 2613 698 2654 multo
720 2612 948 2669 antiquius
972 2617 1040 2653 est
1061 2627 1196 2670 quam
1222 2611 1325 2653 lecti
1347 2611 1500 2653 mollia
1528 2616 1684 2663 strata,

419 2823 477 2849 820
503 2819 558 2850 uir
578 2819 630 2850 uti
657 2821 682 2856 Q
706 2828 798 2850 corr.
828 2828 833 2848 :
864 2819 988 2850 uirtuti
1010 2820 1066 2855 OQ
1153 2820 1287 2848 822-826
1313 2818 1408 2848 hunc
1434 2827 1606 2848 uersuum
1646 2817 1810 2848 ordinem
1851 2817 2009 2849 restituit

379 2868 404 2904 Q
434 2877 531 2898 corr.
625 2868 757 2896 8213—857
786 2866 928 2897 uncinis
969 2865 1055 2897 incl.
1095 2865 1173 2897 edd.
1263 2868 1322 2895 823
1361 2866 1479 2895 incssc
1508 2868 1587 2901 OQ:
1625 2867 1705 2905 post
1743 2869 1802 2895 823
1846 2866 2010 2896 lacunam

377 2914 562 2946 indicaui:
583 2914 717 2945 aucssis
739 2914 879 2951 Munro,
898 2913 958 2944 scd
983 2913 1072 2944 bene
1107 2913 1225 2944 Giuss.
1251 2926 1264 2939 α
1289 2913 1426 2943 aucssis
1459 2922 1527 2943 non
1548 2912 1564 2943 ὁ
1593 2923 1640 2943 ιιιι
1669 2913 1824 2943 cui-assis
1850 2927 1862 2940 η
1889 2922 1895 2943 :
1925 2923 2006 2943 auc-

376 2972 453 2992 mus
475 2964 490 3000 [ᾗ
510 2963 547 2999 <
577 2965 609 2992 tc
627 2965 666 2999 >
690 2962 855 3001 effugere.
882 2961 1061 3001 Bernays:
1087 2960 1186 3001 quod
1210 2960 1368 3001 probare
1397 2959 1545 2991 uidetur
1574 2970 1606 2990 11.
1636 2962 1692 2991 :²16
1718 2959 1806 2990 libri
1822 2960 1857 2990 ΙΙ
1871 2973 1885 2985 α
1915 2960 2005 2990 Illud

377 3010 408 3039 in
431 3010 483 3039 his
500 3020 641 3050 quoquc
667 3011 700 3040 te
720 3009 827 3039 rebus
842 3018 1057 3048 cognoscere
1073 3017 1218 3038 aucmus
1237 3021 1250 3034 υ
1339 3009 1397 3037 824
1427 3017 1582 3037 errorem
1616 3007 1800 3046 uitarequc
1832 3008 1857 3043 Q
1881 3016 1974 3037 corr.
1997 3016 2002 3036 :

376 3067 494 3087 cri-ore
513 3057 734 3096 niultarequc
760 3057 815 3092 OQ
854 3057 1148 3095 pracmetucntur
1167 3056 1192 3085 0
1259 3057 1317 3084 826
1337 3064 1545 3095 possemus:
1568 3054 1708 3085 Lachm.
1727 3063 1732 3085 :
1750 3054 1931 3094 possimus
1949 3055 2004 3090 ‹JQ

375 3114 544 3143 quc-annus
571 3105 710 3134 Lar-hm.
731 3114 736 3134 :
758 3104 813 3133 uia
831 3104 886 3139 m)
906 3103 973 3133 uiai
992 3105 1017 3139 Q
1033 3112 1126 3133 corr.
1236 3106 1293 3133 830
1310 3112 1350 3133 cx
1369 3102 1450 3133 add.
1476 3102 1617 3133 Lachm.
1766 3103 1825 3132 843
1838 3111 2004 3132 conseri-e

377 3153 432 3187 ΗΟ
559 3153 614 3181 ὅΠ
643 3152 782 3191 pariunt
805 3152 872 3188 OQ,
899 3150 944 3189 cs.
963 3152 1038 3180 ι1121
