2242 3595
377 221 431 264 :36
523 236 560 264 τ.
600 235 768 264 memmi
802 234 909 268 CARL
947 247 1001 250 —-
1036 234 1087 266 nn
1121 234 1262 266 RERVM
1294 233 1474 264 NATVRA.
1513 234 1632 266 tumn
1665 235 1858 272 QVARTVS

1185 443 1204 466 *

575 493 603 507 κ
1164 481 1224 503 **

554 617 805 675 expediam,
829 632 1037 675 quareue,
1062 617 1162 659 aliis
1189 617 1309 675 quod
1330 616 1456 659 triste
1481 621 1525 658 et
1547 619 1812 668 amammst,

555 684 638 726 hoc
660 688 809 725 tamen
832 699 928 725 esse
955 683 1055 725 aliis
1079 682 1222 740 possit
1242 682 1452 740 perdulce
1471 681 1615 723 uideri
1634 695 1643 734 3
1918 678 2002 721 635

555 754 768 806 tantaque
787 749 959 799 <in>
989 749 1057 790 his
1080 748 1214 789 rebus
1240 747 1451 790 distantia
1475 747 1796 803 differitasque,

556 818 606 855 ut
633 814 752 871 quod
779 814 837 856 ali
856 815 980 856 cibus
1001 819 1069 855 est
1092 813 1191 855 aliis
1218 812 1313 855 fuat
1333 828 1432 855 acre
1455 827 1700 854 uenenum.

554 878 588 938 ἦ·
604 879 684 920 Est
704 879 854 937 itaque
876 879 970 937 iit-1·
994 893 1194 935 serpens,
1225 878 1419 919 hominis
1444 892 1557 935 quae
1578 880 1696 918 tacta
1718 875 1873 918 saliuis

557 944 745 1001 disperit
771 960 821 986 ac
846 960 942 986 sese
970 943 1224 985 mandendo
1249 943 1428 985 conficit
1454 943 1564 999 ipsa.

558 1010 792 1052 Praeterea
813 1010 942 1052 nobis
968 1014 1197 1052 ueratrum
1221 1014 1289 1051 est
1316 1023 1414 1050 acre
1441 1021 1681 1059 uenenum,
1926 1003 2010 1047 640

558 1080 602 1116 at
629 1075 774 1134 capris
801 1076 955 1133 adipes
981 1080 1024 1117 et
1047 1074 1353 1117 coturnicibus
1374 1079 1522 1131 auget.

559 1140 618 1184 Vt
644 1140 808 1198 quibus
835 1141 880 1182 id
904 1142 982 1183 fiat
999 1140 1133 1182 rebus
1160 1154 1431 1197 cognoscere
1456 1138 1619 1196 possis,

560 1206 779 1263 principio
806 1206 1066 1248 meminisse
1091 1205 1218 1248 decet
1245 1221 1356 1263 quae
1382 1205 1578 1247 diximus
1597 1207 1717 1255 ante,

561 1271 732 1313 semina
757 1272 1035 1314 multimodis
1056 1272 1100 1312 in
1123 1271 1255 1313 rebus
1281 1271 1422 1312 mixta
1448 1269 1605 1312 teneri.

562 1336 700 1378 Porro
722 1353 878 1378 omnes
896 1352 1203 1394 quaecumque
1227 1336 1375 1378 cibum
1396 1335 1580 1392 capiunt
1599 1333 1865 1385 animantes,
1932 1331 2016 1374 645

560 1406 610 1443 ut
635 1408 739 1445 sunt
761 1403 1002 1445 dissimiles
1031 1402 1311 1444 extrinsecus
1335 1407 1378 1444 et
1405 1399 1655 1458 generatim

563 1468 730 1510 extima
752 1468 1054 1510 membrorum
1082 1468 1434 1509 circumcaesura
1460 1470 1648 1517 coercet,

564 1533 750 1590 proinde
773 1538 816 1576 et
835 1533 1082 1576 seminibus
1107 1538 1315 1575 constant
1335 1532 1538 1574 uariante
1560 1531 1718 1588 figura.

565 1598 745 1640 Semina
768 1615 866 1641 cum
891 1615 1022 1656 porro
1050 1599 1233 1647 distent,
1262 1598 1437 1640 differre
1459 1600 1688 1638 necessest

565 1664 803 1706 interualla
822 1664 1026 1722 uiasque,
1057 1663 1275 1706 foramina
1302 1678 1414 1721 quae
1436 1661 1737 1720 perhibemus,
1937 1658 2021 1700 650

565 1730 773 1772 omnibus
799 1730 843 1771 in
866 1729 1083 1772 membris
1105 1735 1148 1771 et
1170 1730 1214 1770 in
1234 1745 1308 1771 ore
1330 1730 1516 1786 ipsoque
1538 1727 1705 1785 palato,

565 1796 674 1837 Esse
698 1796 869 1837 minora
894 1796 1031 1853 igitur
1051 1796 1271 1853 quaedam
1293 1795 1549 1851 maioraque
1568 1792 1750 1845 debent,

565 1876 663 1902 esse
690 1861 906 1918 triquetra
933 1860 1048 1913 aliis,
1074 1860 1173 1902 aliis
1198 1860 1413 1917 quadrata
1431 1863 1675 1910 necessest,

566 1926 709 1968 multa
728 1926 934 1978 rotunda,
958 1926 1102 1967 modis
1128 1926 1282 1968 multis
1308 1924 1591 1981 multangula
1613 1922 1849 1980 quaedam.

567 1992 772 2049 Namque
796 1992 1039 2049 figurarum
1065 1991 1176 2033 ratio
1202 1996 1253 2033 ut
1273 1995 1511 2047 motusque
1536 1993 1790 2045 reposcunt,
1938 1985 2021 2029 655

568 2057 752 2113 proinde
772 2056 1065 2098 foraminibus
1093 2057 1256 2099 debent
1278 2056 1453 2097 differre
1468 2055 1653 2112 figurae,

569 2127 612 2164 et
630 2122 801 2164 uariare
825 2122 924 2164 uiae
948 2122 1136 2179 proinde
1156 2137 1206 2163 ac
1225 2127 1403 2164 textura
1424 2125 1614 2164 coercet.

571 2188 665 2230 Hoc
687 2187 764 2229 ubi
787 2187 906 2245 quod
928 2202 1063 2229 suaue
1083 2192 1151 2229 est
1171 2187 1269 2228 aliis
1297 2186 1395 2228 aliis
1417 2186 1466 2229 fit
1488 2200 1705 2237 amarum,

570 2253 649 2306 illi,
678 2253 748 2295 cui
776 2268 913 2294 suaue
932 2257 1015 2306 est,
1040 2252 1268 2294 leuissima
1294 2267 1479 2309 corpora
1500 2250 1664 2293 debent

570 2318 952 2361 contractabiliter
979 2319 1128 2361 caulas
1152 2318 1317 2360 intrare
1343 2317 1509 2374 palati;
1939 2313 2024 2357 660

570 2390 611 2426 at
634 2390 787 2427 contra
808 2385 971 2441 quibus
996 2390 1064 2426 est
1084 2385 1240 2426 eadem
1261 2399 1331 2425 res
1351 2383 1474 2425 intus
1496 2381 1668 2434 acerba,

569 2466 726 2508 aspera
748 2450 956 2492 nimirum
985 2455 1221 2507 penetrant
1248 2450 1515 2506 hamataque
1539 2447 1702 2490 fauces.

573 2516 703 2558 Nunc
730 2515 904 2557 facilest
922 2531 976 2556 ex
997 2515 1067 2556 his
1091 2514 1223 2556 rebus
1247 2529 1517 2570 cognoscere
1536 2527 1754 2571 quaeque.

572 2581 745 2638 Quippe
774 2581 848 2622 ubi
866 2581 936 2623 cui
962 2580 1095 2622 febris
1116 2579 1194 2623 bili
1222 2584 1459 2637 superante
1482 2583 1678 2620 coortast

437 2811 495 2838 636
509 2808 543 2838 in
558 2808 647 2838 Non.
663 2810 712 2844 95,
728 2809 764 2838 98
785 2818 790 2839 :
812 2817 879 2838 om.
904 2808 973 2845 OQ,
1002 2806 1248 2842 differitasque
1269 2805 1356 2836 Non.
1379 2814 1385 2835 :
1412 2805 1660 2844 differitasque
1689 2798 1743 2835 est
1762 2804 1819 2842 OQ
1905 2807 1962 2835 637
1982 2804 2028 2835 ali

398 2855 542 2886 Lachm.
566 2855 668 2885 :aliis
691 2858 747 2893 OQ
767 2856 842 2885 suat
866 2858 892 2885 Ι]
909 2863 991 2885 corr
1025 2864 1031 2884 :
1053 2853 1148 2884 sruat
1173 2853 1267 2893 ‹)(11t
1287 2852 1445 2893 uidetur)
1471 2852 1532 2884 fiat
1563 2852 1589 2890 Q
1695 2855 1754 2882 638
1776 2854 1830 2883 est
1851 2851 1970 2892 itaque
1989 2854 2029 2882 ut

398 2904 482 2940 OQ:
508 2906 561 2933 cst,
587 2903 725 2942 aliquae
752 2906 791 2933 ut
819 2902 960 2932 Lachm.
980 2911 986 2932 :
1010 2903 1178 2941 exstetque
1203 2903 1244 2931 ut.
1268 2900 1386 2931 Munr.
1409 2909 1415 2930 z
1442 2901 1557 2931 estut
1585 2909 1676 2940 quae
1702 2898 1824 2941 Briey.
1856 2908 1862 2929 :
1888 2901 2029 2930 excetra

398 2952 436 2981 ut
464 2955 517 2980 est
543 2950 631 2980 Ellis
718 2952 770 2980 641
794 2949 1041 2981 coturnicibus
1062 2950 1087 2979 0
1112 2958 1210 2981 corr.
1235 2958 1241 2979 :
1261 2947 1531 2979 cocturnicibus
1560 2947 1586 2977 O
1605 2957 1611 2977 :
1632 2947 1727 2987 quod
1744 2946 1943 2978 turnicibus
1962 2947 1989 2983 Q

397 3000 455 3028 6¹12
472 3000 511 3028 ut
535 2998 667 3038 quibus
689 2998 722 3028 id
739 2997 859 3029 Lamb.
880 3007 885 3028 :
903 2997 937 3027 id
954 2996 1084 3037 quibus
1103 2999 1142 3027 ut
1159 2996 1215 3033 OQ
1300 2997 1360 3026 643
1405 2995 1492 3026 decc
1524 2996 1561 3026 O.
1650 2996 1708 3025 647
1726 2994 2029 3025 circumcaessura

400 3046 436 3081 O,
455 3046 545 3084 fort.
570 3047 662 3076 recle
749 3048 807 3076 648
826 3044 986 3075 uariante
1012 3044 1152 3075 Lachm.
1172 3054 1178 3074 :
1196 3044 1406 3083 uariantque
1427 3044 1483 3080 OQ
1569 3046 1628 3073 659
1655 3051 1803 3082 corpore
1828 3042 1884 3079 OQ
1970 3043 2029 3072 660

397 3093 516 3123 caulas
540 3096 564 3129 Q
585 3103 681 3124 corr.
717 3104 722 3123 :
746 3094 876 3123 caudas
897 3094 953 3129 OQ
1018 3096 1075 3121 662
1091 3091 1395 3133 naperanimorum
1417 3092 1472 3127 OQ
