2242 3595
363 239 417 281 ῑὲ

510 253 547 281 T.
580 251 753 279 LYCRETI
787 249 893 277 CARI.
925 258 982 266 —
1014 248 1065 276 DE
1099 247 1241 276 RERVM
1274 246 1458 276 NATVRA.
1489 245 1609 275 LIBER
1641 246 1834 282 QVARTVS

542 350 716 407 Quippe
736 347 814 389 ubi
834 347 958 388 nulla
984 345 1130 388 latens
1156 345 1322 387 animai
1349 360 1451 401 pars
1472 350 1720 388 remaneret
1899 344 1984 387 925

541 415 585 455 in
606 413 835 463 membris,
862 412 1008 454 cinere
1029 416 1079 453 ut
1104 411 1244 453 multa
1272 410 1382 452 latet
1401 410 1587 453 obrutus
1612 410 1747 466 ignis,

540 462 658 520 dude
680 478 914 520 reconflari
936 492 1095 519 sensus
1123 492 1202 534 per
1222 475 1422 522 membra
1446 480 1630 532 repente

542 549 711 602 posset,
741 548 791 585 ut
816 558 870 584 ex
894 542 989 599 igni
1012 557 1142 584 caeco
1161 555 1428 597 consurgere
1454 541 1636 581 flamma
1652 541 1672 582 ‘3

601 608 690 651 Sed
714 607 877 665 quibus
897 608 1005 649 haec
1032 606 1165 649 rebus
1189 606 1366 648 nouitas
1393 605 1555 647 confiat
1578 609 1622 647 et
1643 604 1763 646 unde

542 672 791 730 perturbari
812 672 961 714 anima
987 677 1032 714 et
1063 687 1223 729 corpus
1246 672 1536 728 languescere
1561 669 1721 726 possit,
1906 669 1989 710 930

545 738 781 795 expediam
804 750 812 780 :
844 742 892 779 tu
914 737 982 778 fac
1005 752 1060 778 ne
1087 736 1236 778 uentis
1261 736 1399 778 uerba
1418 734 1700 792 profundam.

546 803 772 860 Principio
797 806 980 844 externa
1002 817 1161 859 corpus
1186 801 1239 843 de
1258 806 1382 858 parte
1405 803 1701 851 necessumst,

545 868 676 910 aeriis
699 867 909 925 quoniam
934 867 1135 908 uicinum
1159 866 1361 922 tangitur
1383 865 1518 917 auris,

546 933 723 975 tundier
744 937 876 989 atque
905 932 998 973 eius
1026 931 1179 973 crebro
1207 930 1425 989 pulsarier
1447 930 1563 981 ictu3

546 1003 869 1056 proptereaque
898 997 988 1039 fere
1011 1012 1079 1038 res
1100 1012 1256 1038 omnes
1279 1001 1355 1038 aut
1376 995 1495 1037 corio
1519 998 1625 1035 sunt
1907 992 1990 1034 935

547 1069 623 1105 aut
643 1063 779 1105 etiam
800 1062 982 1104 conchis
1003 1067 1079 1104 aut
1104 1062 1217 1104 callo
1245 1066 1320 1104 aut
1345 1060 1507 1103 cortice
1529 1063 1689 1102 tectae.

549 1129 811 1171 Interiorem
834 1128 968 1170 etiam
995 1132 1166 1185 partem
1196 1126 1470 1184 spirantibus
1498 1140 1573 1167 aer

548 1194 755 1236 uerberat
781 1193 851 1235 hic
876 1194 1011 1246 idem,
1038 1208 1141 1235 cum
1166 1193 1344 1234 ducitur
1369 1197 1503 1248 atque
1530 1191 1726 1232 reflatur.

549 1259 693 1310 Quare
718 1259 943 1315 utrimque
969 1274 1098 1300 secus
1123 1273 1225 1300 cum
1252 1272 1413 1314 corpus
1431 1255 1631 1314 uapulet,
1662 1258 1706 1296 et
1729 1269 1834 1296 cum

548 1324 812 1380 perueniant
835 1324 994 1380 plagae
1021 1339 1101 1380 per
1125 1338 1263 1380 parua
1288 1321 1503 1364 foramina
1523 1319 1653 1362 nobis
1914 1318 1998 1361 940

548 1389 747 1446 corporis
769 1388 824 1430 ad
842 1389 1008 1445 primas
1029 1388 1169 1445 partis
1197 1388 1507 1444 elementaque
1528 1385 1689 1442 prima,

549 1454 599 1496 fit
622 1453 750 1510 quasi
773 1453 1142 1511 paulatimnobis
1166 1468 1245 1510 per
1264 1452 1465 1495 membra
1485 1452 1629 1493 ruina.

551 1518 888 1561 Conturbantur
913 1519 1031 1561 enim
1056 1519 1281 1576 positurae
1309 1517 1631 1574 principiorum

549 1585 747 1641 corporis
771 1590 905 1642 atque
927 1584 1079 1626 animi.
1108 1584 1180 1626 Fit
1202 1584 1266 1626 uti
1288 1599 1391 1641 pars
1413 1583 1515 1624 inde
1542 1580 1707 1623 animai

551 1650 735 1692 eiciatur
759 1647 802 1692 e‘t
829 1650 1073 1692 introrsum
1094 1665 1197 1706 pars
1222 1649 1371 1691 abdita
1393 1648 1536 1699 cedat,
1919 1645 2004 1687 945

551 1731 654 1773 pars
682 1715 818 1757 etiam
839 1715 1052 1757 distracta
1079 1730 1157 1772 per
1180 1720 1305 1757 artus
1326 1730 1415 1756 non
1440 1718 1575 1771 queat
1599 1727 1696 1753 esse

550 1781 788 1823 coniuncta
811 1781 929 1823 inter
955 1796 1000 1822 se
1019 1796 1162 1838 neque
1187 1784 1313 1822 motu
1334 1784 1488 1821 mutua
1516 1777 1642 1834 fungi
1667 1790 1676 1820 2

552 1848 667 1889 inter
687 1847 808 1888 enim
829 1847 973 1903 saepit
999 1851 1153 1888 coetus
1177 1851 1334 1888 natura
1362 1845 1573 1902 uiasque3

553 1927 657 1967 ergo
683 1926 842 1953 sensus
863 1911 954 1953 abit
978 1912 1165 1953 mutatis
1187 1911 1385 1953 motibus
1404 1910 1514 1952 alte.

555 1978 610 2019 Et
633 1977 844 2033 quoniam
871 1992 961 2018 non
983 1982 1051 2019 est
1077 1977 1203 2034 quasi
1231 1977 1351 2034 quod
1375 1974 1600 2018 suffulciat
1625 1978 1764 2025 artus,
1921 1971 2005 2013 900

554 2042 699 2084 debile
721 2042 770 2085 fit
794 2058 955 2099 corpus
982 2042 1370 2099 languescuntque
1391 2040 1541 2082 omnia
1568 2038 1785 2089 membra,

553 2107 759 2149 bracchia
783 2107 1109 2164 palpebraeque
1130 2107 1312 2159 cadunt,
1341 2105 1623 2164 poplitesque
1650 2103 1831 2145 cubanti

555 2188 686 2230 saepe
713 2178 862 2215 tamen
889 2172 1219 2215 submittuntur
1240 2172 1438 2229 uirisque
1460 2169 1705 2212 resoluont.

554 2238 726 2280 Deinde
754 2238 904 2280 cibum
928 2238 1132 2295 sequitur
1153 2252 1354 2291 somnuS,
1380 2237 1498 2294 quia,
1527 2249 1639 2293 quae
1661 2233 1767 2276 facit
1795 2249 1886 2284 aer,

549 2304 655 2345 haec
684 2304 839 2345 eadem
860 2302 1001 2356 cibus,
1032 2303 1076 2345 in
1096 2318 1237 2344 uenas
1261 2302 1367 2344 dum
1388 2302 1558 2344 diditur
1577 2299 1739 2352 omnis,
1917 2297 2001 2340 955

557 2369 706 2410 efficit.
732 2369 789 2410 Et
823 2369 964 2410 multo
988 2384 1121 2425 sopor
1146 2367 1220 2410 ille
1250 2367 1547 2423 grauissimus
1569 2369 1717 2408 exstat

557 2449 689 2490 quem
716 2439 841 2476 satur
860 2440 937 2476 aut
957 2434 1104 2475 lassus
1131 2433 1296 2490 capias,
1332 2433 1435 2490 quia
1460 2431 1647 2489 plurima
1670 2435 1765 2472 tum
1786 2444 1832 2471 se

557 2514 742 2557 corpora
763 2499 1034 2542 conturbant
1057 2513 1221 2555 magno
1245 2503 1433 2540 contusa
1458 2497 1624 2539 labore.

562 2564 631 2607 Fit
657 2565 827 2606 ratione
852 2565 1007 2606 eadem
1035 2564 1263 2606 coniectus
1287 2564 1450 2620 partim
1473 2561 1639 2603 animai

559 2631 705 2679 altior,
737 2636 870 2688 atque
894 2630 1010 2672 foras
1037 2629 1206 2671 eiectus
1232 2629 1399 2685 largior
1426 2628 1538 2680 eius,
1926 2624 2011 2667 900

561 2701 604 2737 et
631 2695 817 2737 diuisior
841 2696 957 2737 inter
983 2711 1029 2737 se
1056 2710 1105 2737 ac
1129 2694 1384 2737 distractior
1406 2693 1565 2735 intust.

621 2760 677 2803 Et
701 2776 787 2818 quo
816 2761 1005 2818 quisque
1026 2760 1115 2801 fere
1142 2759 1291 2801 studio
1319 2759 1555 2801 deuinctus
1577 2757 1792 2799 adhaeret

560 2831 635 2868 aut
656 2825 818 2883 quibus
846 2826 890 2867 in
919 2825 1052 2868 rebus
1081 2825 1277 2867 multum
1299 2840 1456 2866 sumus
1481 2829 1584 2866 ante
1612 2822 1777 2865 morati

426 3007 484 3033 928
510 3006 633 3043 posset
666 3004 807 3034 Lachm.
836 3013 841 3034 :
877 3004 992 3044 possit
1030 3004 1087 3039 OQ
1194 3006 1252 3032 929
1287 3002 1419 3032 couliat
1454 3002 1560 3033 Pons.
1592 3011 1598 3031 :
1635 3001 1767 3031 conflat
1812 2999 1869 3036 OQ
1954 3000 2013 3028 944

385 3051 513 3080 animai
531 3053 557 3087 Q
575 3060 669 3081 (forr.
691 3061 696 3080 z
721 3052 837 3081 anima
864 3052 931 3088 OQ,
959 3050 1050 3081 idem
1082 3051 1141 3080 959
1228 3051 1286 3080 915
1310 3049 1461 3079 eiciatur
1480 3048 1605 3079 Lamb.
1627 3057 1633 3078 z
1660 3047 1827 3078 eliciatur
1863 3046 1919 3083 OQ
1952 3048 2011 3075 959

384 3098 513 3137 parlim
537 3098 681 3129 Lac-lim.
711 3107 716 3128 :
740 3101 839 3139 parte
860 3098 917 3135 OQ
1023 3100 1076 3127 961
1098 3097 1212 3129 intust
1235 3096 1379 3138 Bailey:
1400 3097 1496 3127 intus
1514 3096 1570 3134 OQ
1589 3105 1595 3126 :
1615 3096 1650 3125 in
1669 3096 1741 3126 test
1754 3094 1873 3126 Munr.
1889 3103 1895 3124 ε
1913 3095 2012 3124 actus

387 3145 477 3175 Lavi»
486 3155 529 3175 m.
