2242 3595
961 228 1088 258 MJTES
1782 216 1832 256 97

280 330 333 374 27
364 330 552 371 formule
573 330 742 386 reprise
760 329 820 371 du
846 329 875 370 l.
908 328 964 380 ΙΙ,
991 327 1074 369 333
1097 343 1194 385 sqq.
1223 346 1242 366 «
1268 328 1400 369 Nunc
1427 342 1507 383 aye
1532 328 1616 369 iam
1636 327 1838 383 deinceps

220 401 484 437 cunctarum
516 396 695 436 exordia
726 408 877 435 rerum
914 391 1072 441 Qualia
1101 394 1189 434 sint
1223 398 1263 433 et
1293 407 1431 448 quam
1461 392 1587 449 lonqe
1625 393 1837 434 distantia

217 460 380 515 formis
405 459 587 514 Percipe
617 478 655 501 ».

277 524 328 567 31
360 528 536 580 compta
561 536 568 566 :
599 523 658 565 cf.
702 523 736 575 I,
765 522 847 564 950
875 540 894 559 «
925 522 1152 562 Naturam
1177 535 1330 562 rerum
1351 537 1439 577 qua
1467 527 1631 563 constet
1664 528 1836 578 compta

218 591 368 644 liqura
403 606 422 627 »
457 600 465 640 ;
501 587 581 640 ΙΙΙ,
614 585 805 628 258-259
842 604 861 625 «
899 587 1033 627 Nunc
1063 601 1109 627 ea
1146 601 1234 641 quo
1264 592 1397 640 pacto
1427 586 1542 627 inter
1573 601 1661 628 sese
1696 587 1837 627 mixta

219 653 470 711 quibusque
493 652 680 707 Compta
704 651 843 692 modis
873 651 1052 706 uiqeant
1079 664 1125 701 »;
1153 650 1230 701 III,
1259 650 1342 691 845
1366 668 1384 689 «
1416 651 1495 691 Nil
1517 656 1661 692 tamen
1692 657 1754 692 est
1781 651 1838 691 ad

220 733 296 759 nos
322 718 401 772 qui
433 722 611 771 comptu
648 716 940 771 cotziuqioqiie
967 716 1162 770 corporis
1192 721 1325 770 atque
1354 715 1526 755 animae
1559 716 1838 756 consistimus

220 782 368 823 uniter
400 781 492 837 apti
531 799 567 823 ».
610 781 795 835 Compta
831 778 1036 836 s'oppose
1070 785 1094 820 ἐι
1127 780 1340 820 distracta
1375 779 1433 820 du
1461 795 1504 822 V.
1536 779 1730 830 suivant,
1761 780 1838 836 qui

217 852 283 889 est
307 845 446 903 repris
466 846 525 887 du
551 846 581 888 l.
614 845 692 897 ΙΙΙ,
716 844 797 886 843
823 863 843 883 «
875 845 926 885 de
947 859 1128 900 corpore
1145 850 1390 900 postquam
1421 844 1684 885 Distractast
1701 845 1839 885 animi

219 917 382 952 natura
402 911 666 966 animaeque
686 915 881 965 potestas
908 928 945 950 η.

277 975 333 1018 32
366 975 489 1016 ordia
509 976 650 1032 prima
673 988 681 1017 :
704 974 1057 1031 decomposition
1076 973 1129 1014 de
1146 974 1416 1028 primordia,
1442 972 1501 1016 cf.
1536 973 1616 1025 ΙΙΙ,
1648 973 1837 1015 437-439

221 1060 240 1080 «
281 1041 420 1082 Crede
451 1041 650 1081 animam
692 1054 870 1096 quoque.
903 1039 1116 1094 diffundi,
1155 1039 1386 1094 multoque
1421 1038 1571 1094 perire
1615 1038 1758 1090 Ocius,
1799 1045 1838 1079 et

219 1105 349 1147 citius
376 1105 561 1147 dissolui
582 1105 625 1146 in
648 1119 830 1160 corpora
850 1104 1020 1159 prima,
1041 1103 1156 1144 Cum
1177 1103 1311 1145 semel
1329 1118 1382 1144 ex
1411 1103 1603 1144 hominis
1629 1104 1841 1145 memhris

217 1170 367 1212 ablata
395 1171 568 1211 recessit
590 1187 629 1212 ».

277 1235 332 1278 33
364 1238 596 1276 uementer
619 1247 627 1277 :
653 1249 824 1275 comme
850 1239 982 1285 δεινῶς
1005 1248 1059 1275 en
1087 1248 1206 1290 grec,
1228 1233 1337 1289 perd
1356 1249 1404 1275 sa
1432 1233 1586 1275 valeur
1604 1232 1838 1289 premiere,

218 1304 263 1342 et
289 1299 469 1341 devient
498 1314 748 1355 synonyme
775 1298 828 1340 de
862 1299 1006 1350 ualde,
1045 1298 1242 1339 multum
1276 1312 1283 1341 :
1314 1313 1395 1355 par
1427 1313 1494 1340 ex.
1528 1297 1704 1339 Caelius
1729 1298 1840 1339 dans

221 1365 407 1407 Ciceron
432 1364 488 1406 ad
518 1364 642 1406 Fam.
680 1364 801 1415 VIII,
840 1362 880 1415 8,
913 1363 965 1405 10
1003 1382 1022 1401 «
1055 1363 1340 1404 uehementer
1369 1364 1426 1404 ad
1451 1378 1518 1404 me
1538 1363 1763 1418 pertineat
1786 1377 1837 1415 »ς

220 1430 280 1472 id.
308 1429 415 1471 ibid.
441 1429 564 1482 XIII,
590 1429 644 1471 67
675 1447 694 1468 «
724 1429 802 1470 lzoc
825 1428 939 1469 mihi
964 1429 1047 1469 erit
1072 1427 1358 1469 uehementer
1377 1434 1563 1483 qratum
1588 1447 1626 1479 n,
1651 1433 1694 1469 et
1721 1422 1841 1469 aussi

222 1495 414 1536 Lucreee
450 1494 506 1546 ΙΙ,
543 1492 797 1536 1024-1025
831 1512 849 1531 «
879 1494 997 1534 Nam
1036 1493 1119 1534 tihi
1149 1500 1376 1534 uementer
1415 1508 1529 1534 noua
1560 1507 1626 1533 res
1657 1493 1841 1534 molitur

219 1561 277 1601 ad
301 1560 423 1601 auris
446 1559 654 1601 Accidere
687 1576 723 1611 »‚
752 1563 836 1600 ete.

277 1624 333 1667 34
367 1624 639 1667 simulacra:
668 1614 858 1680 Epicure
892 1623 1002 1664 dans
1031 1622 1162 1679 Diog.
1189 1622 1335 1664 Laert.
1377 1622 1430 1675 X,
1468 1621 1521 1663 46
1555 1640 1574 1660 «
1612 1628 1772 1673 τούτους
1801 1627 1841 1665 δὲ

221 1696 362 1741 τύπους
390 1694 535 1733 εἴδωλα
557 1694 901 1746 προσαγορεύομεν
936 1706 971 1730 ».
1000 1688 1070 1730 On
1097 1693 1255 1730 trouve
1288 1687 1408 1729 aussi
1433 1688 1580 1743 imaqo
1610 1687 1838 1745 (Lucrece,

221 1753 444 1812 Cice'ron),
474 1756 652 1809 effiqies.
689 1756 839 1810 fiqura
862 1752 1135 1810 (traduisant
1166 1758 1284 1804 τύπος
1317 1767 1324 1795 ῑ
1358 1753 1566 1805 Lucrece,
1594 1752 1840 1803 Quintilien

222 1819 277 1871 X,
305 1819 346 1872 2,
376 1818 428 1860 15
454 1837 473 1857 «
508 1818 607 1860 illas
630 1818 821 1874 Epicuri
842 1820 1015 1873 si9u1·as
1042 1832 1154 1873 quas
1184 1833 1204 1858 e
1230 1818 1417 1859 summis
1445 1817 1703 1872 corporibus
1737 1817 1843 1858 dicit

221 1886 408 1940 effluere
438 1882 479 1941 »)
507 1897 514 1935 ;
545 1889 770 1938 spectrum
801 1881 992 1940 (Catius,
1017 1882 1356 1939 contemporain
1384 1882 1437 1923 de
1460 1882 1647 1924 Cice'ron
1670 1896 1677 1931 ,ἡ
1709 1881 1764 1923 cf.
1788 1881 1843 1922 ad

220 1948 344 1991 Fam.
368 1948 465 2001 XV,
492 1948 544 1990 16
568 1948 655 1990 cite
680 1948 790 1990 dans
813 1947 855 1988 la
873 1952 975 1989 note
1003 1947 1063 1989 du
1087 1963 1129 1989 v.
1161 1947 1280 2005 783).

278 2014 334 2057 36
366 2013 560 2055 uolitant
597 2026 604 2056 :
647 2012 687 2054 le
722 2011 1014 2070 frequentatis
1046 2027 1217 2053 comme
1258 2012 1370 2053 dans
1403 2011 1574 2053 Ennius
1614 2011 1736 2063 Van,
1792 2010 1842 2051 18

223 2097 242 2117 «
270 2079 410 2120 Volito
440 2078 564 2120 uiuos
585 2093 670 2134 per
693 2093 768 2120 ora
800 2078 950 2119 uirum
981 2094 1019 2118 ».

279 2143 333 2186 37
368 2143 437 2186 Cf.
464 2142 496 2196 I,
524 2142 601 2184 131
631 2158 730 2201 sqq.
767 2161 786 2181 «
891 2142 1154 2193 uidendum,
1179 2142 1241 2183 Et
1268 2158 1383 2199 quae
1409 2157 1476 2184 res
1501 2143 1624 2184 nohis
1652 2143 1844 2197 uigsilan—

221 2209 341 2250 tibus
367 2209 499 2250 obuia
522 2209 681 2250 mentis
712 2208 940 2262 Terrisicet
969 2208 1122 2249 morbo
1148 2208 1334 2263 adfectis
1359 2207 1612 2264 Somnoque
1641 2208 1841 2262 sepultis,

222 2274 411 2315 Cernere
446 2274 512 2315 uti
546 2274 781 2315 uideamur
820 2273 1065 2330 audireque
1103 2287 1268 2325 coram,
1312 2272 1459 2314 Morte
1495 2273 1612 2314 obita
1649 2286 1844 2329 quorum

223 2338 354 2380 tellus
381 2338 670 2393 amplectitur
692 2353 784 2380 ossa
817 2356 853 2379 ».

281 2405 334 2447 37
371 2403 471 2446 Idee
499 2403 716 2460 analogue
742 2403 797 2455 ΙΙ,
827 2402 881 2444 55
911 2418 1009 2460 sqq.
1050 2416 1057 2446 :
1095 2422 1113 2440 «
1155 2403 1274 2444 Nam
1301 2403 1442 2444 ueluti
1462 2403 1593 2458 pueri
1621 2403 1844 2457 trepidant

222 2476 357 2526 atque
378 2471 523 2511 omnia
553 2470 689 2511 caecis
712 2470 765 2510 In
795 2469 988 2510 tenebris
1010 2474 1232 2521 metuunt,
1262 2469 1324 2509 sic
1348 2483 1424 2510 nos
1447 2469 1491 2509 in
1520 2468 1614 2509 luce
1641 2468 1847 2509 timemus

223 2535 477 2588 Interdum,
509 2535 598 2576 nilo
638 2550 751 2591 quae
790 2540 893 2576 sunt
927 2535 1162 2576 metuenda
1192 2535 1349 2590 magis,
1385 2548 1523 2589 quam
1563 2534 1682 2582 Quae
1714 2533 1846 2587 pueri

224 2601 267 2641 in
287 2600 479 2641 tenebris
494 2600 722 2656 pauitant,
744 2601 1015 2656 sinyuntque
1037 2602 1196 2655 futura
1223 2617 1260 2640 ».
1285 2598 1382 2640 Elle
1401 2604 1469 2640 est
1490 2601 1665 2654 repetee
1688 2597 1765 2648 ΙΙΙ,
1792 2597 1844 2638 87

224 2679 342 2722 sqq.,
374 2665 448 2718 VI,
477 2665 531 2706 35
560 2680 657 2722 sqq.

283 2729 338 2773 38
371 2729 415 2770 in
451 2730 622 2771 somnis
651 2744 659 2772 ;
691 2729 949 2786 expression
978 2734 1067 2771 tres
1101 2727 1348 2785 frequente,
1375 2728 1441 2786 [cf.
1479 2728 1580 2779 770,
1610 2728 1708 2776 789,
1743 2726 1843 2778 965,

223 2794 323 2845 972,
352 2793 451 2845 988,
483 2794 611 2846 1006,
644 2794 772 2847 1012,
810 2794 948 2846 1097;
981 2794 1060 2844 ΙΙΙ,
1090 2793 1282 2845 4312&
1320 2793 1390 2843 62,
1426 2792 1526 2844 885,
1560 2792 1682 2836 1171,
1723 2791 1843 2832 1181.

223 2860 381 2901 Somni
406 2859 590 2916 designe
615 2878 634 2897 «
665 2859 705 2901 le
729 2860 831 2900 reve
858 2878 894 2909 »,
926 2860 965 2900 le
988 2858 1205 2913 singulier
1231 2873 1428 2911 somnus,
1462 2877 1479 2896 «
1511 2857 1550 2898 le
1573 2856 1775 2897 sommeil
1809 2875 1843 2899 s).

224 2924 280 2966 cf.
325 2923 453 2966 1027.
497 2925 563 2965 De
599 2925 742 2966 meme
777 2924 949 2966 Ennius
996 2925 1138 2975 Anu„
1181 2922 1373 2964 218-219
1410 2942 1427 2959 «
1471 2923 1563 2962 Nec
1604 2922 1846 2977 quisquam

223 2989 427 3044 sophiam
460 2989 676 3044 sapientia
715 3003 829 3044 quae
864 2989 1133 3044 perhibetur
1171 2989 1222 3029 In
1246 2988 1411 3029 somnis
1444 2986 1556 3028 uidit
1576 2986 1843 3042 priusquam

224 3069 319 3096 sam
342 3054 508 3095 discere
528 3054 666 3109 coepit
694 3067 740 3105 »ς
766 3052 836 3096 Sc.
857 3054 909 3095 36
929 3070 948 3091 «
989 3053 1085 3095 Visa
1111 3059 1174 3094 est
1194 3053 1237 3094 in
1264 3053 1429 3094 somnis
1456 3051 1637 3093 Hecuba
1660 3069 1695 3091 ».

311 3148 430 3179 Iti-:vnn
456 3158 497 3178 ιιι-3
523 3158 735 3179 squammeus.
763 3147 1008 3178 Av1·i1-.1uinet
1031 3150 1116 3177 1015».
1143 3165 1179 3170 —
1206 3157 1317 3176 xxxux.
1775 3148 1805 3174 12
