2242 3595
382 240 434 275 ,“”·)
528 253 565 278 Τ.
605 250 775 277 Lx‘ussli'sl
812 248 916 274 minu.
954 258 1010 265 ψ-
1047 246 1095 272 ms
1129 245 1272 272 Rssnx‘m
1305 243 1486 271 NA‘rvnA.
1526 243 1643 271 LIBER
1675 243 1866 278 QvAu'rvs

528 350 761 390 Praeterea
786 343 974 386 uerbum
998 357 1129 399 saepe
1152 357 1293 384 unum
1316 341 1482 398 perciet
1505 341 1624 383 auris

527 412 734 455 omnibus
759 410 804 451 in
828 408 1009 466 populo,
1035 407 1224 449 missum
1250 406 1483 464 praeconis
1508 406 1563 449 ab
1589 421 1679 449 ore.

530 479 578 519 In
600 476 764 517 multas
789 473 926 530 igitur
951 487 1084 514 uoces
1108 487 1197 513 uox
1219 487 1307 513 una
1335 475 1518 528 r‘epente
1922 470 2005 512 565

527 541 718 597 diffugit,
744 540 787 580 in
813 538 964 596 priuas
988 537 1200 593 quoniam
1221 551 1268 578 se
1293 536 1455 578 diuidit
1472 536 1591 578 auris

526 606 770 662 obsignans
791 604 980 645 formam
1001 601 1127 644 uerbi
1149 602 1406 660 clarumque
1429 617 1650 644 sonorem.

524 673 585 714 At
611 686 722 728 quae
744 685 845 727 pars
871 683 1034 711 uocum
1056 683 1145 709 non
1169 667 1286 709 auris
1309 666 1468 709 incidit
1488 666 1625 724 ipsas,

527 736 794 794 praeterlata
815 734 930 792 perit
950 733 1115 774 frustra
1138 732 1301 774 diffusa
1323 747 1402 789 per
1428 747 1574 774 auras.

527 803 637 844 Pars
656 801 811 842 solidis
835 799 992 850 adlisa,
1018 797 1128 839 locis
1150 797 1329 851 reiecta,
1355 813 1564 839 sonorem
1923 794 2005 837 570

525 867 670 909 reddit
691 872 733 908 et
756 864 982 907 interdum
1001 863 1241 904 frustratur
1263 863 1458 918 imagine
1478 862 1619 904 uerbi.

527 936 648 983 Quae
670 931 782 972 bene
811 944 912 971 cum
936 928 1108 980 uideas,
1138 927 1356 969 rationem
1381 927 1566 970 reddere
1590 927 1736 985 possis

530 1004 624 1041 tute
650 995 730 1038 tibi
748 1001 882 1053 atque
904 993 1019 1046 aliis,
1051 1008 1138 1049 quo
1165 997 1296 1049 pacto
1318 1008 1396 1049 per
1423 992 1520 1035 loca
1545 993 1637 1035 sola

529 1078 635 1105 saxa
657 1061 775 1119 paris
796 1061 961 1102 formas
987 1058 1226 1100 uerborum
1254 1073 1309 1100 ex
1330 1058 1484 1100 ordine
1506 1058 1711 1110 reddant,

527 1127 719 1185 palantis
744 1125 930 1167 comites
949 1139 1050 1165 cum
1077 1123 1243 1164 montis
1269 1123 1383 1165 inter
1404 1138 1567 1180 opacos
1924 1120 2008 1163 515

529 1192 800 1250 quaerimus,
825 1196 868 1232 et
894 1204 1055 1246 magna
1083 1188 1309 1246 dispersos
1331 1204 1441 1231 uoce
1465 1189 1651 1231 ciemus.

528 1259 615 1301 Sex
643 1257 776 1299 etiam
796 1260 874 1298 aut
900 1260 1074 1312 septem
1094 1254 1191 1296 loca
1207 1253 1300 1296 uidi
1325 1254 1508 1296 reddere
1530 1270 1681 1307 uoces,

525 1338 660 1365 unam
679 1338 781 1364 cum
802 1322 969 1363 iaceres
992 1333 1000 1362 ;
1022 1320 1083 1361 ita
1107 1319 1246 1361 colles
1268 1319 1458 1362 collibus
1479 1320 1565 1378 ipsi

525 1388 663 1431 uerba
686 1387 968 1444 repulsantes
992 1384 1213 1426 iterabant
1234 1385 1363 1427 docta
1382 1385 1550 1429 referri.

525 1455 645 1495 Haec
669 1453 767 1494 loca
793 1451 1053 1509 capripedes
1075 1455 1250 1506 satyros
1277 1452 1592 1508 nymphasque
1617 1455 1767 1493 tenere
1919 1447 2002 1489 580

527 1519 703 1560 finitimi
726 1519 902 1574 fingunt
923 1521 966 1558 et
992 1515 1151 1557 faunos
1176 1531 1273 1557 esse
1298 1516 1508 1559 locuntur

526 1600 716 1642 quorum
738 1582 976 1638 noctiuago
998 1582 1189 1639 strepitu
1209 1581 1404 1639 ludoque
1420 1582 1584 1625 iocanti

525 1651 763 1692 adfirmant
784 1648 918 1705 uolgo
947 1647 1170 1689 taciturna
1198 1647 1376 1689 silentia
1398 1648 1561 1705 rumpi,

525 1715 880 1771 chordarumque
908 1728 1042 1754 sonos
1066 1713 1161 1754 fieri
1179 1712 1413 1770 dulcisque
1434 1713 1654 1770 querelas,

527 1781 632 1823 tibia
659 1795 771 1837 quas
792 1778 938 1820 fundit
957 1778 1111 1834 digitis
1132 1778 1309 1836 pulsata
1335 1783 1589 1829 canentum,
1921 1774 2004 1817 585

526 1852 569 1888 et
591 1861 733 1901 genus
759 1844 1004 1900 agricolum
1027 1844 1115 1885 late
1142 1843 1400 1896 sentiscere,
1429 1859 1531 1885 cum
1556 1844 1666 1896 Pan,

524 1912 652 1968 pinca
678 1910 873 1952 semiferi
899 1909 1057 1966 capitis
1081 1909 1304 1951 uelamina
1330 1924 1565 1966 quassans,

524 1992 638 2018 unco
664 1991 795 2032 saepe
819 1975 943 2017 labro
965 1975 1160 2016 calamos
1181 1974 1402 2031 percurrit
1423 1974 1607 2029 hiantis,

527 2042 672 2083 listula
699 2041 952 2083 siluestrem
975 2055 1030 2081 ne
1052 2045 1196 2082 cesset
1223 2040 1407 2081 fundere
1431 2056 1622 2082 musam.

528 2107 683 2149 Cetera
706 2107 759 2149 de
782 2121 944 2163 genere
970 2107 1052 2147 hoc
1074 2110 1274 2147 monstra
1292 2120 1341 2147 ac
1362 2110 1570 2162 portenta
1594 2106 1818 2157 locuntur,
1924 2102 2008 2145 590

526 2188 579 2214 ne
602 2173 699 2214 loca
726 2172 901 2214 deserta
928 2171 983 2212 ab
1006 2171 1122 2212 diuis
1146 2186 1323 2229 quoque
1348 2171 1460 2213 forte
1488 2176 1703 2228 putentur

525 2238 620 2279 sola
646 2243 811 2279 tenere.
845 2238 947 2278 ldeo
969 2237 1136 2279 iactant
1164 2236 1376 2279 miracula
1399 2237 1546 2290 dictis,

526 2309 598 2345 aut
628 2303 776 2360 aliqua
804 2303 974 2344 ratione
996 2302 1082 2343 alia
1101 2303 1342 2355 ducuntur,
1367 2307 1417 2344 ut
1444 2317 1575 2344 omne

527 2370 769 2410 humanum
798 2384 939 2425 genus
967 2373 1034 2410 est
1061 2368 1243 2410 auidum
1268 2368 1402 2409 nimis
1427 2367 1744 2409 auricularum.

587 2434 715 2485 Quod
740 2439 959 2490 superest,
986 2449 1074 2474 non
1102 2439 1169 2475 est
1193 2433 1444 2475 mirandum
1466 2449 1551 2491 qua
1577 2433 1764 2485 ratione,
1921 2429 2005 2473 595

527 2515 604 2556 per
628 2500 721 2541 loca
747 2515 859 2556 quac
884 2504 1111 2557 nequeunt
1139 2499 1256 2541 oculi
1281 2514 1349 2540 res
1371 2514 1549 2541 cernere
1570 2503 1762 2555 apertas,

527 2566 635 2607 haec
654 2565 749 2606 loca
777 2580 852 2621 per
874 2580 1008 2606 uoces
1032 2564 1215 2606 ueniant
1239 2564 1447 2622 aurisque
1475 2564 1711 2606 lacessant.

526 2630 827 2687 Conloquium
848 2630 1012 2672 clausis
1038 2629 1206 2671 foribus
1228 2645 1405 2687 quoque
1433 2644 1563 2686 saepe
1578 2629 1800 2683 uidemus,

419 2818 473 2844 567
496 2814 593 2845 uerbi
613 2814 752 2845 Lac-hm.
778 2824 783 2843 z
821 2814 941 2845 uerbis
977 2816 1032 2850 OQ
1119 2816 1177 2844 570
1196 2814 1285 2845 locis
1301 2814 1326 2851 Q
1350 2823 1464 2844 corn:
1491 2813 1583 2853 lopis
1606 2812 1662 2851 OQ
1690 2815 1748 2842 576
1779 2822 1904 2852 magna
1939 2811 2008 2842 dis-

377 2872 500 2901 persos
526 2864 551 2899 Q
579 2872 673 2893 corr.
702 2872 707 2892 :
737 2872 882 2901 magnas
915 2862 1099 2902 dispersos
1124 2863 1149 2889 O
1168 2871 1317 2901 magnus
1338 2861 1523 2901 dispersus
1561 2860 1587 2897 Q
1674 2863 1730 2890 577
1747 2859 1869 2890 uidere
1891 2859 2003 2890 odore

379 2921 484 2940 uoces
504 2912 559 2947 OQ
575 2910 686 2949 (uocis
708 2912 745 2944 Q*
811 2912 869 2939 579
888 2910 992 2940 (locta
1009 2909 1150 2940 Lachne.
1176 2919 1182 2939 :
1202 2909 1297 2939 dicta
1319 2912 1376 2945 OQ
1441 2911 1494 2939 581
1519 2909 1643 2939 salmes
1660 2908 1717 2945 OQ
1735 2907 1782 2947 cf.
1800 2908 1859 2937 879
1946 2909 2004 2936 582

378 2958 510 2988 iol-auti
528 2960 553 2987 O
574 2968 666 2988 corr.
689 2967 694 2987 :
717 2958 849 2988 locanti
874 2960 929 2995 OQ
1010 2959 1066 2987 582
1086 2957 1249 2997 querelas
1266 2960 1313 2994 Q:
1332 2956 1509 2997 querellas
1528 2958 1553 2987 O
1656 2958 1714 2985 586
1745 2964 1851 2995 quom
1879 2956 1904 2992 Q
1921 2953 2005 2986 item

378 3008 467 3035 1203.
505 3009 593 3043 1209,
628 3005 782 3044 fortasse
813 3007 905 3035 recle
993 3008 1049 3035 587
1075 3004 1254 3035 uelamina
1279 3004 1303 3035 1,
1334 3014 1340 3034 :
1367 3004 1534 3035 ullamina
1569 3005 1626 3041 OQ
1654 3006 1712 3034 590
1746 3005 1864 3033 cetera
1899 3001 1909 3032 l
1936 3003 1972 3031 31
1997 3009 2003 3030 2

379 3055 499 3090 pola-rc
517 3056 573 3089 OQ
592 3054 759 3083 locuntur
780 3054 805 3089 Q
825 3062 830 3083 :
858 3053 1054 3093 loquuntur
1072 3054 1097 3082 O
1125 3051 1174 3091 cf.
1207 3054 1263 3083 581
1353 3053 1409 3082 594
1426 3052 1663 3082 auricularum
1684 3051 1758 3087 OQ:
1776 3049 2005 3080 miraclorum

378 3100 511 3130 sterilli:
535 3111 884 3140 11¹15511F1¹1113LCAL1L
906 3101 1141 3139 agricolarum
1161 3102 1276 3141 (ivorfl
1291 3099 1417 3130 Allan-c
