2242 3595
350 276 404 318 30

496 291 533 320 Τ.
570 289 741 318 LVCRETI
773 287 880 316 CARI.
918 298 974 304 -·-
1006 286 1059 314 DE
1092 285 1235 314 RERVM
1268 285 1451 314 NATVRA.
1490 285 1609 313 LIBER
1648 287 1840 321 QVARTVS
1879 300 1883 301 ⁷

556 385 770 443 temporis
791 385 837 427 in
864 389 1030 443 puncto
1059 399 1209 426 rerum
1236 383 1474 426 simulacra
1499 383 1699 427 ferantur

554 452 695 493 multa
716 450 860 492 modis
881 450 1037 492 multis
1063 449 1108 491 in
1129 454 1313 492 cunctas
1341 449 1537 506 undique
1566 450 1705 506 partis
1727 464 1735 502 ;
1892 451 1975 493 165

555 516 916 574 quandoquidem
942 515 1177 573 speculum
1201 529 1485 573 quocumque
1505 514 1782 557 obuertimus
1809 516 1917 570 oris,

553 597 623 623 res
642 581 704 623 ibi
730 575 1004 638 res⁸pondent
1024 580 1161 622 simili
1186 580 1327 622 forma
1348 585 1482 637 atque
1507 580 1668 623 colore.

555 647 789 688 Praeterea
810 646 941 688 modo
962 662 1064 688 cum
1091 645 1225 687 fuerit
1248 644 1549 703 liquidissima
1571 644 1682 687 caeli

551 716 813 769 tempestas,
839 726 1055 769 perquam
1082 711 1231 753 subito
1255 710 1306 753 fit
1330 709 1508 752 turbida
1537 709 1678 763 foede,

552 777 749 833 undique
768 776 835 818 uti
858 776 1066 818 tenebras
1087 775 1234 817 omnis
1260 775 1522 817 Acherunta
1546 774 1683 816 rearis
1896 776 1978 819 170

550 841 736 899 liquisse
764 847 806 884 et
828 856 1015 898 magnas
1042 841 1152 882 caeli
1177 840 1426 897 complesse
1446 854 1676 892 cauernas‚

551 922 694 964 usque
718 906 828 948 adeo
855 911 998 948 taetra
1025 905 1282 947 nimborum
1304 909 1433 946 nocte
1458 910 1610 946 coorta

551 971 812 1028 impendent
833 976 953 1013 atrae
976 970 1246 1012 Formidinis
1265 986 1341 1012 ora
1369 984 1560 1027 superne
1580 987 1589 1020 3

551 1052 741 1094 quorum
766 1036 984 1094 quantula
1010 1051 1113 1093 pars
1136 1036 1194 1078 sit
1218 1036 1366 1093 imago
1391 1035 1537 1077 dicere
1565 1040 1742 1078 nemost

552 1102 627 1158 qui
649 1102 791 1159 possit
817 1117 961 1159 neque
986 1117 1084 1143 eam
1104 1100 1324 1143 rationem
1348 1101 1532 1143 reddere
1559 1100 1706 1143 dictis.
1894 1101 1977 1144 175

614 1167 744 1209 Nunc
774 1183 870 1224 age,
899 1182 1034 1224 quam
1063 1166 1195 1208 celeri
1217 1171 1343 1208 motu
1369 1167 1609 1207 simulacra
1635 1165 1837 1209 ferantur

554 1237 596 1274 et
624 1248 734 1289 quae
761 1231 987 1274 mobilitas
1010 1232 1112 1273 ollis
1140 1231 1424 1274 tranantibus
1451 1246 1582 1273 auras

551 1297 726 1339 reddita
751 1297 824 1349 sit,
849 1297 985 1353 longo
1012 1297 1155 1354 spatio
1177 1302 1227 1339 ut
1248 1297 1398 1339 breuis
1417 1297 1523 1338 hora
1546 1301 1732 1349 teratur,

551 1362 596 1403 in
621 1378 755 1419 quem
783 1377 983 1420 quaeque
1010 1362 1160 1404 locum
1181 1362 1358 1404 diuerso
1383 1362 1565 1403 numine
1584 1361 1791 1415 tendunt,

551 1427 793 1469 suauidicis
820 1427 970 1484 potius
998 1443 1133 1485 quam
1157 1427 1314 1469 multis
1336 1427 1541 1469 uersibus
1563 1427 1691 1468 edam
1711 1440 1719 1477 ;
1897 1428 1979 1470 180

551 1508 714 1549 paruos
734 1497 784 1534 ut
809 1498 877 1534 est
897 1493 1026 1548 cycni
1055 1493 1212 1535 melior
1239 1508 1389 1546 canor,
1414 1493 1488 1534 ille
1514 1508 1676 1549 gruum
1698 1507 1835 1549 quam

555 1557 724 1599 clamor
743 1558 788 1599 in
816 1558 1024 1600 aetheriis
1052 1558 1281 1615 dispersus
1306 1557 1501 1600 nubibus
1525 1557 1681 1599 austri.

613 1623 838 1680 Principio
865 1639 1078 1680 persaepe
1102 1623 1215 1665 leuis
1242 1639 1311 1665 res
1340 1629 1474 1681 atque
1499 1622 1686 1664 minutis

553 1688 812 1745 corporibus
837 1687 976 1731 factas
1001 1689 1158 1730 celeris
1179 1689 1284 1731 licet
1311 1704 1408 1731 esse
1434 1689 1601 1730 uidere.

552 1754 602 1795 In
626 1770 713 1811 quo
740 1754 829 1796 iam
847 1770 1010 1811 genere
1034 1759 1101 1796 est
1123 1754 1230 1796 solis
1257 1755 1335 1796 lux
1361 1760 1404 1796 et
1430 1769 1569 1810 uapor
1595 1753 1707 1806 eius,
1894 1753 1978 1795 485

553 1823 789 1876 propterea
809 1819 913 1877 quia
931 1824 1037 1861 sunt
1064 1835 1086 1861 e
1108 1819 1263 1876 primis
1285 1819 1401 1861 facta
1421 1818 1625 1871 minutis,

553 1899 666 1942 quae
693 1885 821 1941 quasi
847 1885 1071 1928 cuduntur
1094 1900 1260 1943 perque
1282 1885 1394 1926 aeris
1418 1883 1706 1926 interuallum

553 1965 642 1991 non
670 1950 878 1992 dubitant
898 1950 1087 1992 transire
1111 1950 1315 2008 sequenti
1336 1950 1508 1992 concita
1537 1949 1684 2007 plaga.

554 2015 876 2072 Suppeditatur
902 2016 1021 2057 enim
1045 2016 1282 2058 confestim
1303 2015 1470 2057 lumine
1495 2014 1664 2066 lumen,

555 2086 598 2122 et
623 2081 749 2138 quasi
767 2082 940 2137 protelo
968 2081 1228 2123 stimulatur
1252 2081 1422 2138 fulgere
1450 2080 1613 2137 fulgur.
1901 2078 1984 2120 190

555 2146 837 2203 Quapropter
861 2146 1096 2189 simulacra
1121 2147 1216 2204 pari
1244 2147 1414 2188 ratione
1436 2149 1664 2188 necessest

554 2211 894 2253 inmemorabile
922 2227 1000 2269 per
1024 2213 1218 2269 spatium
1244 2217 1545 2254 transcurrere
1565 2224 1697 2267 posse

553 2277 770 2334 temporis
795 2277 841 2318 in
869 2281 1050 2334 puncto,
1075 2277 1268 2334 primum
1297 2277 1417 2334 quod
1437 2277 1622 2334 paruola
1648 2290 1781 2317 causa

555 2347 622 2383 est
649 2343 805 2398 procul
829 2358 852 2384 a
874 2348 998 2398 tergo
1024 2358 1135 2400 quae
1158 2344 1376 2400 prouehat
1398 2347 1532 2399 atque
1559 2340 1795 2399 propellat,

556 2406 676 2463 quod
705 2413 923 2464 superest,
951 2407 1028 2449 ubi
1052 2412 1144 2450 tam
1170 2407 1344 2450 uolucri
1367 2408 1550 2450 leuitate
1574 2407 1773 2449 ferantur
1796 2419 1804 2458 3
1903 2404 1986 2446 195

557 2472 717 2513 deinde
739 2473 858 2529 quod
882 2488 1023 2529 usque
1048 2473 1156 2514 adeo
1184 2478 1362 2515 textura
1385 2473 1587 2529 praedita
1613 2486 1711 2514 rara

556 2538 814 2590 mittuntur,
838 2537 964 2580 facile
986 2543 1036 2580 ut
1056 2539 1239 2595 quasuis
1267 2543 1499 2595 penetrare
1521 2542 1687 2596 queant
1713 2551 1783 2578 res

558 2608 602 2645 et
629 2603 755 2660 quasi
782 2619 1045 2659 permanare
1073 2619 1150 2661 per
1173 2604 1287 2645 aeris
1308 2604 1614 2646 interuallum.

560 2668 792 2710 Praeterea
816 2669 867 2722 si,
897 2684 1009 2726 quae
1036 2669 1215 2726 penitus
1240 2669 1505 2726 corpuscula
1531 2685 1678 2711 rerum

559 2748 613 2774 ex
634 2735 814 2790 altoque
843 2734 958 2775 foras
987 2735 1242 2787 mittuntur,
1267 2734 1374 2776 solis
1400 2735 1466 2776 uti
1492 2734 1570 2776 lux
1899 2738 1983 2780 200

558 2814 606 2840 ac
629 2814 784 2856 uapor,
811 2799 919 2841 haec
944 2805 1109 2856 puncto
1132 2805 1375 2841 cernuntur
1401 2800 1525 2857 lapsa
1552 2800 1639 2842 dici

558 2878 635 2921 per
656 2869 801 2906 totum
829 2864 939 2906 caeli
967 2865 1164 2922 spatium
1186 2864 1434 2907 diffundere
1460 2880 1572 2916 sese,

418 3055 476 3081 166
492 3052 563 3083 oris
582 3062 648 3083 om.
667 3053 693 3083 Ο
781 3057 837 3083 166
856 3054 1092 3091 obuertimus,
1112 3055 1228 3085 omnis
1251 3054 1302 3089 (z
1315 3056 1451 3096 omncs>
1470 3055 1538 3085 Res
1558 3055 1722 3087 Cartault
1745 3055 1826 3087 coll.
1844 3058 1902 3086 242

356 3101 410 3175 1ῗῖ
428 3099 475 3177 ἰὺΙῐ
497 3100 521 3130 Ο
543 3110 547 3130 :
569 3100 636 3131 sibi
657 3102 682 3137 Q
702 3100 841 3132 Lachm.
864 3102 980 3133 Giuss.
1068 3105 1126 3132 178
1146 3103 1281 3133 teratur
1299 3101 1401 3133 I’onl.
1423 3111 1429 3132 :
1454 3102 1590 3134 seratur
1610 3102 1666 3140 OQ
1755 3105 1812 3133 179
1832 3104 1987 3135 tendunt

385 3156 452 3177 Ama
473 3159 493 3177 ).
511 3157 515 3177 ;
535 3148 651 3178 tondit
675 3149 730 3184 (ΙΨ
