2242 3595
370 213 424 256 28

516 228 553 257 T.
590 226 760 254 chassrl
795 225 902 253 cAiu.
940 237 996 242 —
1030 225 1080 252 DE
1113 225 1253 252 RERVM
1287 225 1467 253 NATVRA.
1506 225 1624 253 [ABER
1656 225 1848 261 QVARTVS

517 340 629 382 quae
651 324 805 366 multis
829 323 1019 365 formata
1043 323 1188 365 modis
1206 322 1397 365 sublime
1418 322 1623 366 feruntur
1874 325 1994 383 [135]

515 406 595 431 nec
618 389 812 446 speciem
837 392 1009 430 mutare
1031 404 1157 430 suam
1184 388 1400 446 liquentia
1424 394 1603 431 cessant
1871 390 1991 448 [141]

515 460 555 496 et
579 455 794 511 cuiusque
815 454 935 495 modi
959 453 1203 495 formarum
1223 459 1396 496 uertere
1419 454 1463 495 in
1489 469 1589 496 oras
1614 469 1623 507 ;
1756 454 1838 496 435
1874 455 1995 512 [142]

513 525 563 561 ut
586 519 716 561 nubis
740 518 866 560 facile
895 518 1121 561 interdum
1143 534 1426 561 concrescere
1453 520 1498 560 in
1525 519 1617 561 alto
1870 519 1992 577 [133]

511 584 734 626 cernimus
761 576 987 626 et⁸mundi
1008 584 1203 642 speciem
1229 585 1395 627 uiolare
1424 600 1626 626 serenam
1867 585 1987 643 [134]

509 663 607 690 aera
627 649 865 691 mulcentis
885 654 1007 692 motu
1032 663 1039 692 :
1068 665 1171 692 nam
1195 665 1325 707 saepe
1352 649 1598 706 Gigantum
1869 649 1990 707 [136]

512 729 586 756 ora
607 714 992 763 uolaresuidentur
1018 720 1060 757 et
1081 715 1288 757 umbram
1312 715 1473 757 ducere
1500 715 1604 766 late,
1874 715 1993 772 [137]

508 779 732 822 interdum
756 780 907 836 magni
933 786 1108 823 montes
1134 781 1375 838 auolsaque
1405 797 1511 823 saxa
1750 780 1832 822 140
1869 780 1988 838 [138]

508 844 736 887 montibus
760 845 927 887 anteire
954 850 999 888 et
1019 847 1160 888 solem
1179 846 1415 888 succedere
1439 851 1628 902 praeter,
1870 845 1992 903 [139]

510 909 614 951 inde
635 909 746 951 alios
769 911 940 952 trahere
966 916 1098 969 atque
1126 911 1334 953 inducere
1357 911 1487 953 belua
1507 911 1723 968 nimbos.]
1875 910 1991 969 [140]

570 975 702 1017 Nunc
726 990 773 1017 ea
800 991 934 1032 quam
958 975 1076 1018 facili
1098 981 1141 1018 et
1167 976 1300 1018 celeri
1327 977 1497 1018 ratione
1523 981 1745 1034 genantur

511 1045 816 1099 perpetuoque
844 1042 983 1083 fluant
1008 1041 1063 1083 ab
1085 1041 1218 1084 rebus
1239 1041 1453 1100 lapsaque
1480 1041 1641 1084 cedant

1167 1238 1186 1260 >ne

1147 1274 1165 1295 ³1⁴·
1190 1277 1205 1295 ’t‘

507 1449 682 1491 semper
702 1434 821 1476 enim
843 1450 1071 1477 summum
1094 1435 1308 1492 quicquid
1331 1435 1384 1477 de
1406 1434 1538 1477 rebus
1560 1435 1759 1477 abundat
1911 1434 1993 1476 145

510 1500 630 1556 quod
647 1500 912 1543 iaculentur.
942 1501 998 1543 Et
1023 1501 1106 1543 hoc
1127 1516 1248 1543 raras
1269 1517 1368 1543 cum
1395 1501 1597 1558 peruenit
1622 1501 1667 1542 in
1695 1516 1780 1554 res,

506 1566 682 1618 transit,
703 1567 813 1608 utin
841 1567 997 1623 primis
1024 1567 1208 1609 uitrum.
1238 1566 1327 1609 Sed
1353 1566 1429 1609 ubi
1455 1582 1612 1624 aspera
1636 1581 1742 1608 saxa

507 1636 582 1672 aut
607 1631 649 1672 in
673 1632 905 1674 materiam
926 1633 1038 1689 ligni
1060 1633 1280 1690 peruenit,
1305 1633 1366 1674 ibi
1393 1632 1482 1675 iam

505 1696 725 1739 scinditur
744 1703 795 1740 ut
818 1698 993 1739 nullum
1013 1698 1302 1742 simulacrum
1326 1698 1509 1740 reddere
1531 1698 1687 1755 possit.

505 1762 569 1803 At
595 1777 696 1804 cum
718 1763 951 1821 splendida
975 1779 1088 1821 quae
1110 1768 1319 1808 constant
1344 1769 1532 1821 opposta
1556 1763 1735 1805 fuerunt
1909 1762 1992 1804 150

505 1827 749 1885 densaque,
779 1833 829 1870 ut
853 1829 897 1870 in
925 1830 1083 1886 primis
1108 1830 1340 1888 speculum
1368 1835 1450 1880 est,
1481 1829 1545 1871 nil
1569 1828 1730 1871 accidit
1754 1828 1928 1870 horum.

504 1892 619 1934 Nam
639 1909 798 1950 neque,
823 1894 888 1936 uti
912 1894 1095 1948 uitrum,
1119 1900 1309 1953 possunt
1330 1895 1535 1947 transire,
1559 1909 1703 1951 neque
1731 1899 1881 1936 autem

504 1958 646 1999 scindi
668 1973 676 2011 3
707 1975 841 2016 quam
870 1961 1075 2002 meminit
1095 1961 1221 2003 leuor
1246 1966 1473 2018 praestare
1502 1960 1707 2002 salutem.

496 2021 776 2080 Quapropter
795 2025 844 2066 fit
863 2030 911 2067 ut
933 2026 1035 2067 hinc
1063 2027 1194 2068 nobis
1222 2027 1460 2068 simulacra
1484 2025 1751 2067 redundent.

501 2088 557 2130 Et
582 2090 788 2145 quamuis
814 2090 977 2144 subito,
1007 2092 1167 2149 quouis
1189 2091 1235 2133 in
1261 2097 1476 2148 tempore,
1502 2105 1726 2148 quamque
1914 2089 1991 2131 155

506 2169 599 2195 rem
627 2159 781 2196 contra
807 2156 1041 2212 speculum
1067 2172 1225 2214 ponas,
1248 2162 1433 2214 apparet
1457 2157 1632 2213 imag03

505 2225 721 2277 perpetuo
746 2221 882 2263 fluere
906 2227 954 2264 ut
983 2237 1141 2264 noscas
1169 2238 1191 2264 e
1213 2238 1396 2279 corpore
1424 2238 1600 2264 summo

502 2289 702 2326 texturas
726 2302 872 2327 rerum
899 2287 1048 2329 tenuis
1075 2288 1313 2345 tenuisque
1336 2288 1518 2344 figuras,

505 2349 623 2406 Ergo
652 2350 795 2394 multa
816 2350 942 2394 breui
964 2353 1107 2410 spatio
1130 2353 1369 2395 simulacra
1389 2357 1631 2410 genuntur‚

504 2420 555 2457 ut
583 2416 740 2457 merito
766 2417 884 2458 celer
910 2418 979 2459 his
1007 2418 1139 2460 rebus
1164 2418 1338 2461 dicatur
1364 2419 1504 2474 origo.
1906 2422 1988 2464 160

503 2479 559 2521 Et
586 2482 712 2538 quasi
738 2483 877 2524 multa
897 2482 1020 2525 breui
1045 2484 1189 2540 spatio
1218 2484 1497 2527 summittere
1519 2484 1652 2526 debet

505 2544 674 2588 lumina
696 2547 762 2588 sol
785 2552 835 2589 ut
858 2553 1073 2605 perpetuo
1096 2549 1186 2590 sint
1208 2549 1357 2590 omnia
1378 2549 1526 2606 plena,

504 2611 565 2652 sic
590 2611 644 2652 ab
677 2611 810 2654 rebus
834 2613 940 2655 item
966 2614 1101 2655 simili
1126 2614 1295 2656 ratione
1320 2621 1548 2658 necessest

400 2860 538 2888 1:53-142
559 2858 652 2889 hunt:
670 2869 841 2890 uersuum
857 2860 1021 2892 ordinem
1034 2862 1194 2893 restituit
1213 2863 1334 2894 Lamb.
1384 2866 1440 2894 143
1464 2867 1641 2903 genantur
1655 2865 1777 2898 Lamb.
1797 2870 1995 2907 :gerantur

356 2906 412 2941 OQ
428 2905 472 2944 es.
494 2908 552 2935 ‘159
654 2909 709 2936 14>ss
724 2908 738 2921 *
753 2909 808 2937 145
825 2907 991 2939 lacunam
1008 2909 1182 2940 indicauit
1200 2910 1361 2941 Lachm.:
1383 2925 1396 2937 «ε
1423 2912 1518 2942 deest
1539 2913 1685 2953 l’crcipe
1705 2914 1762 2945 uel
1780 2914 1988 2954 Expediam,

355 2954 430 2982 lum
446 2953 601 2992 paucula
623 2963 639 2983 e
657 2954 790 2994 quibus
819 2954 911 2985 illud
931 2956 1023 2986 enim
1052 2957 1151 2997 quod
1168 2958 1350 2989 subicitur
1366 2958 1531 2999 pendeal.
1556 2973 1569 2987 »
1662 2962 1719 2990 146
1744 2971 1841 2991 raras
1856 2961 1961 2992 Lolze
1980 2968 1988 2990 :

354 2999 439 3028 alias
460 3000 515 3036 OQ
535 3009 541 3029 ς
568 3003 684 3031 certas
709 3001 901 3040 Susemihl,
934 3003 1052 3043 Briey.
1143 3006 1211 3043 147,
1245 3008 1299 3035 152
1322 3005 1454 3036 uiti-um
1475 3006 1720 3047 Oppenrieder
1739 3017 1745 3038 :
1772 3010 1909 3039 uestem
1931 3008 1987 3045 OQ

356 3048 412 3075 150
440 3048 605 3085 opposita
628 3050 684 3083 m)
771 3052 828 3079 152
854 3053 1005 3089 possunt
1025 3051 1144 3091 :potis
1163 3054 1215 3084 cst
1235 3052 1390 3091 Lachm.,
1410 3053 1528 3085 Munr.
1617 3058 1673 3085 157
1694 3065 1711 3086 c
1729 3064 1796 3086 om.
1815 3054 1841 3092 Q
1928 3058 1986 3085 159

356 3097 534 3127 grunnitu·
555 3095 672 3125 Ι,.ἰιιιΙ).
690 3106 695 3126 ;
715 3101 886 3132 geruntur
913 3100 979 3134 OQ.
1000 3099 1046 3137 cf:
1075 3100 1135 3128 445:
