2242 3595
363 254 417 299 90
522 269 559 298 T.
592 264 764 295 LYCRETI
798 264 906 293 CARI.
936 275 994 282 -
1018 264 1069 292 DE
1105 264 1244 292 RERVM
1277 263 1460 292 NATVRA.
1491 263 1609 292 LlssER
1644 263 1835 298 QvAnrvs

510 364 938 424 quadrupedumque
960 363 1103 421 magis
1124 364 1212 407 ritu
1230 363 1493 420 plerumque
1521 367 1735 420 putantur
1879 362 1989 406 1265

510 431 740 487 ooneipere
764 444 942 483 uxores,
973 429 1076 486 quia
1104 429 1166 470 sic
1192 430 1289 470 loca
1316 443 1490 470 sumere
1517 432 1720 486 possunt,

511 495 768 553 pectoribus
792 493 967 551 positis,
996 493 1184 535 sublatis
1212 494 1381 535 semina
1406 493 1586 535 lumbis.

512 561 603 603 Nec
625 560 784 601 molles
808 558 908 616 opu'
932 563 1036 600 sunt
1060 564 1209 601 motus
1236 559 1453 600 uxoribus
1477 558 1633 600 hilum.

509 626 624 668 Nam
645 625 806 667 mulier
827 624 1034 681 prohibet
1059 640 1104 666 se
1127 624 1358 681 concipere
1386 629 1519 681 atque
1541 628 1775 681 repugnat,

510 691 718 733 clunibus
735 691 831 747 ipsa
858 689 943 731 uiri
971 690 1190 731 Venerem
1220 689 1257 731 si
1283 689 1398 731 laeta
1421 693 1632 731 retractat
1878 688 1990 730 1270

509 762 643 813 atque
668 760 877 798 exossato
905 755 991 797 ciet
1024 755 1146 796 omni
1173 759 1352 811 pectore
1373 756 1559 806 fluctus;

511 822 614 864 eicit
641 821 760 863 enim
786 820 959 862 sulcum
981 824 1099 861 recta
1118 820 1298 875 regione
1321 819 1485 876 uiaque

509 887 721 938 uomeris,
747 891 879 942 atque
904 885 1014 926 locis
1043 885 1205 927 auertit
1223 884 1408 926 seminis
1430 884 1582 927 ictum.

512 953 650 1010 quue
673 968 752 993 sua
774 966 908 992 causa
933 955 1205 992 consuerunt
1232 954 1378 992 scorta
1403 950 1588 1002 moueri,

510 1034 565 1060 ne
592 1017 925 1074 complerentur
951 1015 1104 1058 crebro
1132 1015 1431 1072 grauidaeque
1455 1015 1665 1069 iacerent,
1883 1014 1993 1056 1275

510 1089 553 1126 et
575 1083 711 1125 simul
737 1083 831 1139 ipsa
857 1082 966 1123 uiris
990 1082 1141 1123 Venus
1165 1086 1214 1123 ut
1233 1081 1494 1122 concinnior
1515 1086 1660 1134 esset;

511 1148 776 1204 coniugibus
795 1147 914 1205 quod
940 1147 1003 1188 nil
1025 1147 1191 1189 nostris
1214 1162 1324 1204 opus
1346 1162 1442 1188 esse
1466 1146 1658 1189 uidetur.

568 1215 660 1256 Nec
688 1213 904 1255 diuinitus
933 1212 1158 1254 interdurn
1186 1212 1460 1269 Venerisque
1489 1211 1666 1268 sagittis

510 1279 727 1321 deteriore
751 1278 801 1319 fit
828 1283 877 1319 ut
905 1277 1047 1319 forma
1068 1278 1331 1323 muliercula
1354 1281 1542 1319 ametur.

508 1346 624 1387 Nam
650 1344 757 1385 facit
783 1344 880 1399 ipsa
901 1343 993 1384 suis
1014 1343 1240 1385 interdum
1266 1342 1428 1384 femina
1452 1341 1579 1383 factis
1880 1340 1993 1382 1280

510 1409 831 1466 morigerisque
859 1408 1004 1449 modis
1027 1413 1069 1451 et
1091 1408 1255 1450 munde
1277 1423 1459 1464 corpore
1478 1407 1616 1460 culto,

508 1481 559 1518 ut
580 1475 708 1517 facile
729 1474 955 1516 insuescat
985 1481 1037 1523 <
1059 1479 1100 1516 te
1120 1482 1174 1523 >
1200 1489 1352 1515 secum
1374 1473 1534 1529 degere
1559 1472 1715 1515 uitam.

511 1541 639 1593 Quod
662 1544 882 1597 superest,
915 1539 1192 1582 consuetudo
1217 1539 1457 1581 concinnat
1476 1552 1700 1591 amorem3

511 1622 615 1649 nam
642 1606 802 1648 leuiter
826 1605 1032 1662 quamuis
1060 1605 1181 1662 quod
1201 1604 1354 1646 crebro
1376 1604 1582 1646 tunditur
1602 1603 1709 1657 ictu,

508 1672 704 1714 uincitur
724 1671 770 1712 in
790 1671 926 1727 longo
949 1671 1092 1728 spatio
1118 1676 1264 1712 tamen
1287 1675 1419 1727 atque
1440 1669 1642 1711 labascit.
1881 1668 1994 1711 1285

512 1738 673 1779 Nonne
690 1736 819 1778 uides
841 1737 975 1778 etiam
1004 1741 1157 1793 guttas
1182 1736 1225 1777 in
1245 1752 1352 1777 saxa
1380 1735 1582 1776 cadentis

510 1803 680 1845 umoris
698 1803 833 1858 longo
852 1802 898 1844 in
926 1802 1070 1859 spatio
1096 1802 1363 1859 pertundere
1385 1801 1522 1842 saxa?

405 1985 483 2012 1267
502 1981 634 2012 lumbis
655 1981 680 2012 O
699 1991 793 2012 corr.
817 1982 842 2018 Q
861 1990 954 2011 corr.
977 1980 1150 2011 :lumbris
1170 1980 1226 2017 OQ
1271 1983 1350 2010 1268
1369 1989 1433 2010 nec
1454 1980 1560 2010 Pont.
1587 1988 1592 2009 :
1610 1988 1653 2009 ne
1673 1978 1729 2016 OQ
1775 1981 1853 2008 1270
1869 1980 1998 2009 retrac-

364 2032 417 2061 tat
439 2030 464 2067 Q
483 2031 679 2060 :retractet
699 2029 725 2059 Ο
811 2032 887 2058 1275
915 2029 1155 2068 grauidaeque
1180 2028 1232 2058 ed.
1255 2028 1351 2058 Briae.
1374 2037 1380 2057 :
1404 2027 1620 2067 grauidaque
1646 2026 1703 2063 OQ
1779 2028 1852 2055 1281
1881 2026 1996 2056 modis

365 2077 466 2108 Pone.
489 2087 495 2107 ε
522 2077 630 2107 moris
650 2077 707 2113 OQ
794 2079 872 2106 1282
900 2078 934 2106 te
961 2075 1043 2107 add.
1074 2076 1179 2106 Bern.
1205 2076 1261 2105 uir
1291 2085 1412 2106 secum
1441 2074 1452 2105 l
1478 2076 1513 2104 3!
1543 2088 1555 2101 «
1586 2073 1711 2105 Italice
1745 2072 1858 2114 magis
1889 2083 1996 2115 quam

366 2124 476 2156 latine
496 2138 509 2151 υ
533 2124 716 2165 (zachur).

2238 241 2242 248 .
2234 0 2242 183 ..:.-—--.—-..
