2242 3595
368 220 452 261 100
723 227 918 261 [runs-1013.
953 246 1010 251 —
1043 235 1093 261 DE
1128 234 1179 262 LA
1213 234 1388 262 ΝΑΤΕΒΕ.
1427 234 1552 262 LIVRE
1588 235 1629 263 w

365 348 463 390 sqq.
508 349 528 371 «
571 332 729 373 Tenuis
764 333 881 372 enim
915 333 1138 388 quaedam
1173 332 1464 374 moribundos
1501 333 1663 374 deserit
1698 347 1808 374 aura
1842 333 1989 376 Mioeta

366 411 554 452 uapore:
587 411 728 452 uapor
744 411 884 451 porro
911 397 1052 438 trahit
1074 411 1175 438 aera
1190 412 1353 450 secum,
1381 398 1471 438 Nec
1492 397 1615 439 calor
1637 403 1699 439 est
1724 398 1987 454 quisquam,

363 464 435 502 cui
462 477 546 503 non
579 462 636 502 sit
665 462 833 502 mioetus
859 467 900 502 et
920 477 997 503 aer
1012 479 1051 504 )).
1078 465 1134 503 011
1157 462 1279 504 calor
1293 467 1336 504 et
1359 476 1498 518 uapor
1513 467 1616 510 sont
1630 462 1861 519 employes
1879 462 1992 504 dans

362 526 402 567 le
425 529 566 567 meme
598 541 715 568 sens.

420 590 473 634 57
510 589 616 631 olim
654 603 661 634 z
696 589 751 632 cf.
795 589 976 632 Servius
1010 591 1064 632 ad
1097 592 1211 633 Aen.
1251 590 1287 644 Ι,
1328 591 1383 633 20
1424 608 1444 630 α
1474 591 1635 635 olim...
1674 592 1762 633 tria
1791 598 1989 648 tempora

360 657 584 711 siqnisicat
610 670 625 698 .·
646 657 962 711 praeteritum,
1005 663 1052 698 ut
1098 656 1219 698 ‘olim
1257 657 1406 710 arbos,
1451 672 1570 698 nune
1609 657 1795 712 artificis
1830 673 1990 700 manus

360 736 458 762 aere
497 722 652 762 decoro
678 721 870 763 Inclusit
897 721 1197 780 patribusque
1228 722 1349 764 dedit
1381 728 1555 777 qestare
1592 721 1779 764 Latinis'
1829 736 1837 764 :
1865 738 1990 779 prae-

360 801 479 838 sens,
515 792 565 828 ut
604 785 804 828 ‘tumidis
835 787 956 844 quod
982 788 1197 842 fluctibus
1225 787 1329 828 olim
1372 786 1613 829 Tunditur'
1645 800 1653 829 :
1685 786 1903 841 futurum,
1940 793 1990 829 ut

366 850 513 904 ‘nunc,
544 852 666 904 olim,
690 866 976 908 quocumque
1004 852 1177 893 dabunt
1197 867 1240 893 se
1264 858 1459 907 tempore
1486 851 1616 894 uires'
1640 870 1680 895 ».

417 917 473 960 58
501 916 822 974 Comparaison
846 916 1012 973 reprise
1040 932 1096 958 au
1122 917 1233 959 livre
1264 918 1318 969 V,
1349 916 1432 959 803
1467 935 1486 956 «
1518 917 1761 959 Folliculos
1787 923 1835 959 ut
1869 933 1988 960 nutw

361 983 508 1024 teretis
537 988 698 1023 aestate
721 982 894 1023 cicadae
922 982 1156 1038 Linquont
1182 988 1337 1038 sponte
1359 997 1439 1024 sua
1465 999 1506 1026 ».

417 1047 597 1099 teretis;
625 1046 681 1089 cf.
717 1047 750 1099 Ι,
794 1046 848 1088 35
877 1063 896 1085 «
1007 1048 1137 1089 tereti
1170 1048 1338 1089 ceruice
1375 1054 1614 1103 reposta».
1661 1048 1803 1101 Teres,
1837 1048 1913 1105 qui
1941 1064 1987 1090 se

357 1113 555 1155 rattaehe
578 1117 602 1153 ἐι
634 1118 741 1164 tere,
772 1116 841 1154 est
864 1112 999 1153 de'fmi
1025 1128 1106 1170 par
1136 1112 1311 1162 Festus,
1352 1112 1452 1166 498,
1494 1112 1547 1154 15
1585 1129 1604 1152 ((
1633 1113 1677 1154 ἱη
1707 1113 1986 1170 lonqitudine

358 1179 669 1231 rotundatum,
693 1178 848 1234 quales
872 1192 1037 1219 asseres
1063 1183 1226 1220 natura
1258 1179 1485 1220 ministrat
1507 1195 1546 1220 >›.

414 1243 554 1286 59-60
587 1242 654 1284 Cf.
690 1242 892 1299 Se'neque
914 1242 1013 1299 Ep.‚
1048 1242 1145 1296 102,
1175 1243 1226 1285 27
1262 1248 1498 1300 «pereunt
1525 1243 1775 1285 uelamenta
1804 1258 1985 1285 nascen-

357 1316 465 1349 tium
496 1326 534 1348 ».

414 1373 470 1416 60
504 1387 686 1429 serpens
717 1386 724 1415 :
757 1372 942 1414 feminin
971 1388 1143 1414 comme
1171 1388 1227 1415 au
1247 1389 1290 1415 v.
1317 1372 1418 1426 638,
1441 1373 1553 1415 mais
1580 1373 1800 1415 masculin
1827 1373 1881 1427 V,
1911 1373 1979 1416 33.

357 1438 416 1480 Le
438 1443 530 1479 mot
559 1443 627 1479 est
654 1438 707 1479 de
733 1453 869 1494 genre
894 1438 1087 1490 indeci53
1114 1438 1283 1494 Virgile
1308 1439 1373 1480 dit
1397 1439 1514 1480 Aen.
1548 1437 1605 1491 II,
1641 1438 1724 1480 214
1754 1455 1774 1477 «
1805 1453 1984 1494 serpens

353 1504 587 1559 amplexus
613 1510 799 1559 uterque
823 1522 842 1543 »
865 1503 941 1556 XI,
967 1502 1051 1545 753
1077 1504 1346 1547 «saucius...
1377 1518 1558 1559 serpens
1583 1521 1623 1556 >›,
1651 1503 1765 1546 mais
1796 1503 1984 1545 Ciceron

357 1569 547 1626 Ilarusp.
579 1584 695 1626 resp.
719 1569 774 1609 25
801 1586 818 1605 «
845 1569 926 1610 ista
947 1584 1126 1624 serpens
1146 1587 1166 1609 »
1187 1583 1195 1621 3
1215 1568 1411 1612 Salluste
1431 1569 1547 1626 Iug.,
1568 1568 1622 1611 89
1646 1586 1665 1608 «
1685 1569 1980 1624 serpentibus,

353 1650 552 1690 quarum
576 1636 642 1676 uis
665 1652 704 1676 ».

411 1700 461 1743 61
501 1699 567 1742 Cf.
593 1700 671 1750 ΙΙΙ,
700 1698 784 1741 614
810 1716 828 1737 «
859 1704 1114 1756 uestemque
1143 1700 1397 1756 relinquere
1419 1707 1469 1741 ut
1495 1700 1657 1756 anquis
1684 1718 1720 1742 ».

410 1765 466 1808 62
512 1765 571 1806 Le
614 1780 749 1821 genre
786 1765 840 1806 de
881 1780 1034 1819 uepres
1074 1771 1142 1807 est
1185 1766 1406 1818 hesitant3
1449 1765 1504 1807 cf.
1548 1764 1740 1818 Nonius,
1785 1764 1886 1818 231,
1929 1764 1981 1807 13

353 1848 371 1868 «
402 1831 560 1886 I'cpres
580 1831 755 1887 qeneris
783 1830 1035 1872 masculini.
1075 1830 1300 1887 Verqilius
1335 1831 1467 1888 (Aen.
1501 1830 1624 1884 VIII,
1656 1829 1758 1889 645)
1787 1848 1807 1870 «
1837 1830 1984 1886 sparsi

351 1897 565 1937 rorabant
586 1897 804 1952 sanquine
828 1911 982 1951 uepres
1011 1914 1047 1938 υ.
1073 1896 1315 1948 Feminini,
1337 1896 1589 1949 Lueretius,
1609 1895 1686 1938 lib.
1712 1895 1772 1937 IV
1795 1913 1833 1937 ».
1855 1895 1888 1937 Il
1915 1901 1983 1937 est

349 1976 507 2002 encore
533 1961 753 2003 maseulin
775 1961 885 2002 dans
907 1961 1076 2017 Virgile
1093 1962 1254 2018 Georg.
1276 1961 1355 2013 III,
1380 1960 1461 2003 444
1485 1980 1504 2000 «
1598 1966 1638 2002 et
1659 1961 1982 2003 hirsutisecue-

349 2033 457 2067 runt
482 2042 665 2082 corpora
690 2041 898 2082 uepres...
942 2045 961 2065 »
1000 2026 1147 2068 Meme
1169 2027 1410 2069 hesitation
1435 2042 1547 2083 pour
1569 2026 1744 2067 scrobes
1768 2026 1977 2079 (Nonius,

348 2090 449 2139 225,
477 2091 518 2148 7)
542 2092 693 2133 clunes
716 2090 924 2147 (Nonius,
956 2090 1054 2145 196,
1081 2091 1140 2147 7).

407 2157 462 2200 63
495 2172 607 2213 quae
641 2156 853 2214 quoniam
890 2158 1001 2198 liunt
1041 2170 1048 2199 :
1082 2156 1280 2214 rappelle
1313 2161 1357 2199 et
1389 2156 1580 2213 reprend
1609 2155 1650 2198 le
1678 2156 1890 2212 quoniam
1921 2157 1980 2199 du

348 2221 485 2263 debut
507 2222 559 2263 de
584 2222 627 2263 la
645 2221 839 2279 periode.

405 2287 461 2330 65
496 2287 638 2344 magis
657 2301 665 2330 :
686 2292 754 2329 est
773 2292 963 2328 souvent
978 2287 1184 2343 employe'
1198 2301 1375 2329 'comme
1392 2302 1643 2344 synonyme
1665 2287 1719 2329 de
1731 2287 1898 2343 potius,
1918 2287 1974 2330 cf.

347 2353 379 2405 I,
410 2353 509 2404 612,
533 2353 589 2405 II,
614 2352 712 2405 429,
741 2352 841 2394 869.
868 2352 1043 2395 Catulle
1061 2353 1263 2407 LXVIII,
1288 2352 1357 2403 30,
1379 2352 1547 2409 Virgile
1572 2354 1678 2395 Buc.
1700 2353 1734 2405 I,
1758 2352 1810 2394 10
1832 2370 1851 2391 «
1875 2353 1975 2394 Non

346 2420 553 2474 equidem
583 2419 623 2459 in
635 2419 786 2471 uidco,·
813 2419 956 2459 miror
984 2419 1124 2474 massis
1151 2438 1186 2460 ».

405 2484 460 2526 66
493 2484 664 2525 hiscere
685 2497 692 2526 :
715 2499 771 2525 au
799 2499 901 2525 sens
923 2483 976 2524 de.
997 2501 1015 2521 «
1045 2484 1192 2540 parler
1216 2503 1235 2522 »
1260 2489 1327 2526 est
1352 2483 1451 2540 deja
1470 2484 1581 2525 dans
1607 2483 1788 2538 Accius,
1810 2483 1976 2525 Armo-

347 2564 445 2589 rum
476 2549 692 2590 Iudicium
725 2549 800 2606 (113
826 2548 925 2605 157)
953 2567 972 2585 «
1007 2549 1125 2602 hcm,
1155 2564 1310 2591 uereor
1336 2549 1459 2604 plus,
1491 2564 1630 2605 quam
1653 2552 1726 2604 fas
1747 2555 1810 2590 est
1836 2550 1975 2604 capti-

347 2630 464 2666 uom,
493 2614 658 2655 hiscere
688 2633 724 2656 ».
748 2614 968 2670 Properee
996 2614 1061 2656 dit
1089 2614 1142 2656 de
1172 2616 1317 2656 meme
1346 2613 1409 2655 III
1435 2613 1476 2667 3,
1508 2614 1532 2656 4
1559 2631 1579 2653 «
1615 2614 1808 2655 Tantum
1832 2614 1976 2669 operis

343 2680 492 2721 neruis
529 2680 693 2721 hiscere
720 2694 846 2735 posse
887 2680 993 2721 meis
1028 2698 1066 2731 »,
1098 2685 1141 2722 et
1170 2679 1208 2721 II
1247 2678 1317 2732 31,
1353 2678 1377 2721 6
1413 2696 1433 2717 «
1470 2679 1602 2721 tacita
1636 2694 1814 2721 carmen
1850 2679 1975 2721 hiare

346 2745 445 2801 lyra
473 2765 507 2787 ».

400 2811 456 2854 69
491 2810 700 2852 formai...
736 2811 927 2867 figuram
958 2824 964 2853 ζ
993 2810 1156 2852 Munro
1191 2810 1276 2852 cite
1308 2809 1399 2853 Cic.
1441 2809 1494 2851 de
1529 2809 1630 2851 Nat.
1676 2810 1808 2851 Deor.
1849 2809 1881 2862 I,
1918 2809 1973 2852 90

343 2895 361 2911 (ι
391 2878 487 2916 Nou
524 2877 579 2917 al)
602 2876 858 2917 hominihus
896 2879 1071 2930 formae
1108 2878 1309 2931 siquram
1347 2876 1515 2916 uenisse
1550 2875 1607 2916 ad
1643 2875 1742 2916 deos
1786 2893 1823 2918 »,
1861 2875 1973 2916 mais

341 2942 461 2983 aussi
486 2942 539 2983 de
561 2941 647 2983 ΟΠ.
680 2941 713 2993 Ι,
741 2940 822 2982 126
854 2959 872 2975 «
903 2944 1104 2996 formam
1135 2947 1331 2982 nostram
1361 2941 1674 2996 reliquamque
1698 2942 1897 2995 siquram
1924 2953 1969 2987 »;

341 3008 548 3053 Luc-rece,
578 3008 634 3058 II,
658 3006 741 3048 778
769 3024 787 3041 «
815 3022 868 3047 ex
888 3006 988 3047 aliis
1005 3007 1168 3060 formis
1190 3006 1415 3060 uariisque
1441 3005 1603 3059 liqut-is
1631 3023 1650 3043 »
1671 3018 1679 3056 3
1705 3004 1760 3046 cf.
1780 3003 1880 3046 550.

400 3072 555 3114 formai
578 3086 585 3115 ;
610 3072 674 3114 les
699 3071 880 3128 genitifs
899 3086 951 3114 en
978 3080 1059 3124 -ai,
1082 3071 1158 3128 qui
1183 3075 1261 3112 ont
1281 3074 1349 3112 ete
1369 3069 1705 3126 generalement
1725 3073 1970 3112 meconnus
