2242 3595
982 257 1112 286 NOTES
1775 240 1856 283 423

238 356 434 408 mentiri,
464 355 541 397 sed
566 355 816 410 opinionem
846 370 860 399 .·
896 371 1072 398 sensum
1100 356 1218 398 enim
1249 356 1362 411 pati,
1405 369 1490 396 non
1524 353 1698 410 opinari
1720 368 1738 408 ,·
1767 354 1859 395 ani-

240 436 366 462 mum
390 421 508 462 enim
523 422 710 475 'opinari
731 440 768 464 >›.

297 486 380 529 467
410 501 479 527 res
503 489 678 542 apertas
704 499 712 528 :
741 485 795 527 cf.
827 485 897 529 54.

296 549 382 593 468
415 549 469 591 ab
497 565 542 591 se
561 571 620 585 z
639 551 727 605 ipse
751 568 770 589 «
800 550 852 591 de
880 550 1113 591 lui-meme
1145 568 1182 601 »‚
1210 548 1265 591 ef.
1295 548 1394 591 465³.

296 614 382 657 469
417 614 602 671 D'apres
642 615 828 657 Cice'ron
860 615 1001 656 Acad.
1031 614 1165 669 prior.
1201 614 1256 665 II,
1298 613 1367 665 23,
1406 612 1475 665 73,
1506 629 1566 654 un
1592 613 1861 655 admirateur

237 678 290 719 de
318 679 584 731 Democrite,
616 679 869 721 Metrodore
891 679 943 720 de
970 678 1097 729 Chio,
1122 678 1416 730 commeneait
1437 678 1548 719 ainsi
1573 693 1653 719 son
1677 678 1786 719 livre
1808 678 1861 719 de

237 743 405 784 Natura
431 757 438 786 :
469 761 488 782 «
516 744 657 799 Neqo,
697 744 861 800 inquit,
889 744 999 785 scire
1024 758 1115 795 nos,
1152 744 1399 784 sciamusne
1436 743 1623 798 aliquid,
1659 758 1717 783 an
1748 742 1862 782 nihil

237 808 443 859 sciamus,
476 824 527 849 ne
562 810 607 850 id
636 809 781 864 ipsum
809 809 1008 865 quidem,
1043 809 1207 850 nescire
1238 815 1317 849 aut
1354 809 1480 859 scire,
1513 808 1623 848 scire
1658 822 1749 855 nos,
1787 822 1863 847 nec

238 874 433 924 omnino,
452 873 564 914 sitne
576 874 766 929 aliquid,
788 889 844 915 an
868 873 984 915 nihil
996 874 1053 915 sit
1071 892 1108 915 ».
1132 872 1200 915 Cf.
1227 873 1480 914 Democrite
1499 872 1731 913 lui-meme
1750 871 1862 912 dans

238 937 281 979 la
299 937 369 979 vie
390 938 443 979 de
472 938 676 994 Pyrrhon
704 939 757 980 de
783 938 912 995 Diog.
934 938 1079 981 Laert.
1107 938 1182 990 IX,
1203 937 1256 979 72
1278 955 1297 975 «
1321 937 1443 995 Ἐτεῇ
1472 942 1511 981 δὲ
1531 941 1639 981 οὐδὲν
1661 941 1770 991 ἴδμεν
1791 951 1798 958 ·
1823 941 1860 980 ἐν

240 1007 343 1058 βυθῷ
371 1004 446 1059 γὰρ
469 1008 491 1056 ἡ
519 1005 675 1057 ἀλεθείη
706 1022 742 1045 ».

298 1068 383 1111 470
416 1068 479 1109 nil
503 1068 614 1110 scire
642 1068 806 1111 fatetur
833 1082 840 1111 :
872 1068 928 1111 cf.
956 1084 998 1110 v.
1031 1067 1130 1109 457·

298 1133 380 1176 471
416 1133 546 1175 mitto
580 1147 588 1176 ζ
620 1135 762 1174 meme
785 1148 888 1174 sens
914 1149 957 1175 v.
990 1132 1098 1184 690;
1129 1133 1205 1182 Vl,
1233 1131 1345 1174 105ss
1375 1133 1534 1174 mirari
1555 1133 1696 1173 mitte.

299 1198 568 1239 contendere
607 1213 788 1239 causam
835 1211 843 1240 :
885 1198 1197 1255 l'expression,
1233 1198 1309 1255 qui
1347 1213 1402 1239 ne
1448 1213 1493 1238 se
1541 1200 1746 1238 retrouve
1784 1211 1865 1252 pas

239 1261 435 1315 ailleurs,
474 1267 542 1304 est
565 1262 671 1305 faite
700 1278 775 1304 sur
801 1263 841 1304 le
872 1263 1046 1305 modele
1086 1263 1139 1304 de
1164 1278 1373 1318 puqnare
1402 1277 1624 1318 puynam,
1667 1262 1864 1303 dormire

239 1342 463 1380 somnum,
486 1332 570 1369 etc.

299 1391 385 1435 472
418 1392 689 1449 Expression
744 1408 848 1434 sans
898 1393 1033 1435 doute
1074 1392 1353 1450 proverbiale
1381 1407 1388 1445 3
1432 1393 1572 1447 capite
1615 1392 1767 1433 sistere
1819 1406 1864 1433 se

240 1462 396 1499 trouve
421 1458 531 1499 dans
551 1457 707 1499 Plaute
729 1457 879 1511 Curc.‚
902 1457 1002 1510 287,
1025 1459 1166 1515 capite
1189 1465 1385 1499 statuere
1411 1458 1522 1499 dans
1543 1457 1734 1498 Terence
1753 1456 1860 1508 Ad„

242 1521 340 1564 316.

299 1587 385 1630 473
420 1586 488 1630 Cf.
514 1587 570 1639 II,
602 1587 681 1629 541
715 1600 723 1630 ε
747 1604 767 1625 «
794 1587 881 1628 Sed
902 1594 1048 1629 tamen
1075 1589 1118 1629 isI
1143 1603 1323 1644 quoque
1351 1588 1666 1628 uticoncedam
1689 1606 1726 1628 ».
1770 1611 1772 1614 >

303 1653 369 1694 uti
392 1665 400 1695 :
427 1669 447 1691 «
475 1656 499 1693 ἐι
524 1667 742 1709 supposer
767 1667 852 1710 que
880 1671 918 1694 ».

300 1717 386 1761 478
420 1716 674 1774 L'apologie
708 1718 785 1759 des
819 1733 922 1759 sens
956 1723 1025 1760 est
1056 1733 1117 1759 un
1159 1718 1309 1759 theme
1343 1717 1571 1775 frequent,
1608 1716 1664 1758 cs.
1709 1717 1741 1768 I,
1780 1715 1864 1758 693

243 1800 263 1820 «
303 1783 423 1823 Nam
456 1790 610 1824 contra
633 1797 786 1824 sensus
817 1783 873 1824 ab
906 1783 1110 1825 sensibus
1148 1784 1236 1838 ipse
1265 1789 1502 1838 repuynat,
1533 1782 1594 1822 Et
1622 1782 1865 1837 labefactat

241 1861 325 1899 eos,
371 1848 486 1888 uncle
524 1848 673 1889 omnia
710 1848 876 1889 credita
913 1849 1112 1902 pendent
1146 1866 1183 1890 ».
1229 1848 1285 1889 Et
1310 1847 1392 1889 (399
1429 1865 1448 1885 «
1583 1845 1703 1894 Quid
1740 1846 1866 1887 nobis

241 1912 404 1953 certius
428 1912 533 1968 ipsis
557 1912 770 1954 Sensibus
797 1927 885 1954 esse
902 1920 1065 1967 potest,
1097 1914 1177 1969 qui
1202 1928 1305 1954 uera
1331 1928 1380 1953 ac
1399 1913 1517 1968 falsa
1541 1918 1743 1953 nolemus
1769 1913 1789 1953 ⁴?
1825 1930 1862 1952 ».

299 1977 455 2033 primis
484 1989 491 2019 :
525 1995 544 2015 «
581 1977 646 2019 les
677 1992 780 2018 sens
807 1979 871 2019 les
901 1978 1116 2034 premiers
1157 1996 1176 2017 »
1209 1992 1381 2019 comme
1412 1977 1467 2029 II,
1501 1976 1612 2017 1080
1650 1994 1668 2014 «
1702 1976 1865 2030 primis

240 2043 515 2083 animalibus
548 2042 657 2084 inice
685 2049 878 2084 mentem
910 2060 949 2095 »,
981 2042 1168 2095 111250,
1202 2060 1221 2081 «
1252 2043 1494 2099 postremis
1526 2042 1664 2083 (latur
1697 2041 1866 2082 ossibus

242 2114 375 2164 atque
397 2107 604 2149 medullis
631 2107 735 2149 Siue
750 2107 956 2164 uoluptas
986 2126 1025 2148 ».

299 2172 386 2215 484
418 2176 512 2214 tota
537 2185 545 2215 :
576 2171 631 2215 cf.
664 2172 698 2224 I,
726 2171 810 2214 694
835 2172 945 2214 dans
966 2173 1005 2214 la
1032 2177 1135 2214 note
1157 2172 1210 2214 de
1239 2172 1337 2214 478.

299 2236 385 2281 486
412 2252 511 2294 sqq.
537 2237 725 2294 Epicure
746 2237 857 2278 dans
882 2237 1011 2294 Diog.
1043 2238 1190 2280 Laert.
1221 2238 1274 2290 X,
1304 2237 1354 2278 31
1393 2255 1412 2274 «
1445 2238 1561 2281 Πᾶσα
1589 2238 1663 2293 γὰρ
1695 2240 1866 2289 αἴσθησις

241 2307 387 2358 ὰλογός
418 2306 497 2346 ἐστι
531 2306 594 2345 καὶ
623 2310 778 2357 μνήμης
807 2306 987 2357 οὐδεμιᾶς
1022 2308 1192 2356 δεκτική·
1223 2307 1307 2346 οὔτε
1345 2304 1418 2358 γὰρ
1455 2301 1515 2357 ὑφ’
1544 2308 1665 2356 αὐτῆς
1690 2300 1771 2344 οὔθ’
1803 2299 1863 2356 ὑφ’

244 2373 376 2424 ἑτερου
399 2373 600 2420 κινηθεῖσα
624 2372 781 2411 δύναταί
800 2387 835 2411 τι
873 2387 898 2410 π
929 2373 1095 2411 :vestm
1123 2374 1145 2420 ἥ
1175 2368 1332 2423 ἀφελεῖν
1361 2366 1441 2410 οὐδ’
1470 2370 1546 2410 ἐστὶ
1576 2374 1617 2410 τὸ
1652 2367 1863 2420 δυνάμενον

243 2434 361 2484 αὐτ-’κς
384 2435 594 2488 διελέγξαι.
628 2434 734 2477 Οὔτε
759 2434 833 2489 γὰρ
861 2438 884 2485 ἠ
913 2437 1143 2489 ὁμοιεγενὴς
1175 2437 1346 2486 αἴσθησις
1368 2439 1436 2486 τὴν
1472 2438 1679 2488 ὁμοιογενῆ
1706 2432 1765 2474 διὰ
1798 2436 1866 2484 τὴν

243 2500 490 2548 ἰσοσθένειαν,
519 2497 600 2541 οὔθ’
628 2506 650 2552 ἡ
680 2497 959 2554 ἂνεμοιογενὴς
981 2504 1049 2551 τὴν
1077 2500 1349 2554 ἀνομοιογενῆ·
1385 2501 1424 2541 εὖ
1448 2499 1523 2553 γὰρ
1545 2504 1619 2540 τῶν
1648 2500 1771 2539 αὐτῶν
1799 2500 1868 2539 εἰσὶ

243 2569 422 2619 κριτικαί·
445 2562 526 2606 οὔθ’
549 2568 572 2615 ἡ
589 2568 702 2619 ἑτέρα
720 2568 788 2617 τὴν
806 2569 957 2620 ἑτέραν·
975 2566 1114 2614 πάσαις
1134 2565 1208 2619 γὰρ
1226 2568 1488 2619 προσέχομεν,
1512 2563 1617 2605 Οὔτε
1633 2567 1706 2616 μὴν
1727 2565 1863 2617 λόγος·

243 2631 318 2678 πᾶς
343 2629 418 2684 γὰρ
442 2632 563 2684 λόγος
588 2627 662 2671 ἀπὸ
688 2635 762 2671 τῶν
796 2630 1006 2683 αἰσθήσεων
1042 2635 1221 2685 ἤρτηται.
1258 2646 1276 2667 »

302 2692 384 2736 491
421 2692 555 2734 molle
591 2693 649 2735 sit
675 2698 719 2734 et
754 2692 951 2748 gelidum
988 2692 1221 2748 feruensue
1262 2706 1269 2735 :
1314 2693 1343 2733 il
1376 2706 1566 2749 manque
1602 2706 1663 2732 un
1690 2689 1872 2746 adjectis

247 2775 267 2795 «
292 2758 516 2798 clurumue
543 2776 562 2796 »
586 2757 698 2799 dans
725 2757 766 2798 le
787 2757 977 2814 premier
995 2763 1150 2799 terme.

304 2837 506 2864 seorsum
537 2835 545 2864 t
577 2822 631 2863 ici
652 2822 882 2878 trisyllabe
905 2836 913 2874 ;
937 2822 994 2865 ef.
1021 2822 1250 2874 Prosodie,
1278 2824 1298 2875 ξ
1326 2822 1394 2864 10.

304 2887 390 2931 500
423 2887 669 2928 dissoluere
702 2902 880 2929 causam
918 2901 925 2930 :
969 2902 1142 2928 comme
1190 2888 1430 2928 ‹Iissoluere
1480 2887 1614 2926 nodos
1656 2885 1731 2936 VI,
1769 2884 1866 2926 355.

306 2951 615 3008 L’expression
653 2956 721 2993 est
756 2956 898 2994 restee
926 2956 1136 2993 comante
1164 2952 1275 2992 dans
1302 2951 1342 2992 la
1370 2951 1532 3005 langue
1559 2950 1612 2991 de
1640 2950 1681 2990 la
1716 2949 1868 2990 rhe'to-

247 3017 384 3074 rique.

306 3081 504 3124 501-502
542 3094 549 3123 ζ
577 3081 752 3135 joindre
780 3082 871 3121 uisa
903 3085 925 3121 ῐι
952 3081 991 3121 la
1020 3080 1100 3120 sois
1123 3086 1145 3121 ἐι
1173 3081 1346 3133 fuerint
1375 3084 1417 3121 et
1438 3085 1461 3120 ὲ
1481 3079 1586 3119 sint.
