2242 3595
356 219 409 262 58

501 234 538 264 T.
576 232 747 262 LVCRETI
781 230 889 259 CARI.
927 240 983 247 --
1017 228 1070 256 DE
1102 227 1244 255 RERVM
1278 226 1460 255 NATVRA.
1498 226 1619 254 LIBER
1652 225 1844 261 QVARTVS

501 336 579 374 aut
602 331 688 372 alia
713 329 884 371 ratione
911 327 1105 384 aliquast
1124 325 1193 367 uis
1212 325 1356 367 excita
1377 324 1535 378 morbi,

502 395 789 454 perturbatur
812 393 873 434 ibi
896 392 985 433 iam
1005 397 1151 434 totum
1176 406 1353 448 corpuS‚
1381 394 1424 432 et
1448 405 1602 432 omnes

502 463 836 506 commutantur
858 457 919 499 ibi
942 457 1168 514 positurae
1196 455 1539 513 principiorum3

501 528 551 568 fit
572 526 695 582 prius
717 524 773 566 ad
799 538 981 565 sensum
1006 527 1055 564 ut
1078 537 1189 579 quae
1212 536 1395 577 corpora
1421 519 1748 562 conueniebant

503 606 621 633 nunc
640 605 728 631 non
757 589 1041 640 conueniant,
1067 592 1110 629 et
1133 592 1280 629 cetera
1307 586 1398 628 sint
1426 586 1569 641 magis
1596 591 1714 642 apta,

501 671 614 713 quae
638 658 871 712 penetrata
893 658 1063 711 queunt
1087 667 1269 694 sensum
1295 651 1561 708 progignere
1583 650 1808 692 acerbum.

502 723 701 778 Vtraque
721 720 838 762 enim
857 724 962 761 sunt
979 719 1025 759 in
1044 718 1190 759 mellis
1209 717 1452 759 commixta
1481 732 1637 773 sapore
1661 731 1669 769 ;

503 788 549 829 id
571 786 691 844 quod
716 785 805 827 iam
830 800 988 840 supera
1006 783 1088 825 tibi
1111 798 1242 840 saepe
1262 782 1541 824 ostendimus
1564 785 1683 824 ante.

563 852 694 894 Nunc
718 865 798 906 age
821 865 908 907 quo
932 853 1064 906 pacto
1083 848 1202 890 naris
1226 847 1427 890 adiectus
1452 847 1599 888 odoris

502 922 660 973 tangat
685 931 829 971 agam.
858 914 1057 956 Primum
1080 928 1149 955 res
1178 913 1344 954 multas
1368 927 1466 954 esse
1487 916 1715 954 necessest

503 983 622 1025 unde
644 983 788 1023 fluens
809 980 964 1022 uoluat
989 979 1140 1020 uarius
1163 993 1208 1019 56
1231 978 1394 1019 fluctus
1419 977 1622 1029 odorum,

505 1053 548 1091 et
575 1048 712 1089 fluere
734 1050 777 1088 et
805 1045 923 1087 mitti
939 1045 1075 1100 uolgo
1101 1043 1336 1100 spargique
1361 1043 1660 1100 putandumst
1681 1057 1689 1095 3

505 1128 658 1155 uerum
686 1111 786 1154 aliis
810 1111 925 1152 alius
946 1110 1090 1167 magis
1116 1113 1184 1151 est
1207 1108 1512 1150 animantibus
1534 1112 1664 1165 aptus

505 1177 738 1221 dissimilis
768 1180 951 1233 propter
970 1175 1153 1217 formas.
1183 1174 1377 1231 Ideoque
1402 1188 1480 1230 per
1506 1188 1634 1215 auras

504 1243 653 1286 mellis
678 1257 783 1299 apes
802 1241 1010 1298 quamuis
1037 1240 1170 1297 longe
1198 1240 1424 1281 ducuntur
1450 1239 1601 1290 odore,

505 1308 777 1365 uolturiique
809 1306 1119 1348 cadaueribus.
1151 1306 1265 1346 Tum
1286 1304 1391 1345 fissa
1414 1303 1608 1345 ferarum

504 1374 673 1431 ungula
700 1388 787 1430 quo
806 1371 960 1414 tulerit
980 1385 1188 1428 gressum
1214 1369 1436 1426 promissa
1463 1384 1624 1411 canum
1646 1369 1717 1411 uis

505 1440 643 1491 ducit,
673 1444 716 1480 et
741 1439 986 1479 humanum
1014 1437 1148 1492 longe
1173 1435 1418 1492 praesentit
1443 1435 1625 1476 odorem

506 1504 847 1548 Romulidarum
875 1503 989 1544 arcis
1008 1506 1209 1543 seruator
1227 1500 1444 1542 candidus
1468 1515 1612 1542 anser.

508 1571 579 1613 Sic
603 1569 702 1611 aliis
729 1568 844 1610 alius
865 1568 995 1609 nidor
1018 1567 1150 1608 datus
1172 1565 1228 1607 ad
1251 1581 1331 1607 sua
1355 1580 1577 1622 quemque

505 1635 667 1694 pabula
694 1633 817 1675 ducit
839 1637 882 1675 et
900 1649 924 1674 a
948 1638 1091 1675 taetro
1109 1631 1281 1673 resilire
1308 1645 1482 1672 ueneno

507 1701 642 1759 cogit,
670 1714 810 1756 eoque
835 1698 968 1739 modo
996 1701 1234 1739 seruantur
1253 1696 1397 1738 saecla
1423 1695 1633 1737 ferarum.

566 1766 651 1808 Hic
678 1765 787 1806 odor
808 1764 903 1820 ipse
924 1763 1078 1820 igitur,
1099 1762 1220 1803 naris
1247 1761 1518 1818 quicumque
1538 1760 1735 1813 lacessit,

507 1837 575 1874 est
593 1831 678 1873 alio
699 1834 749 1872 ut
766 1829 911 1886 possit
933 1828 1133 1886 permitti
1151 1826 1330 1883 longius
1354 1826 1487 1878 alter3

509 1898 588 1939 sed
614 1902 765 1938 tamen
791 1895 910 1937 haud
929 1894 1166 1952 quisquam
1191 1899 1283 1935 tam
1311 1892 1443 1948 longe
1464 1891 1602 1933 fertur
1624 1906 1776 1932 eorum

508 1978 643 2020 quam
669 1961 858 2013 sonitus,
889 1975 1025 2016 quam
1044 1975 1149 2009 uox,
1175 1958 1305 2000 mitto
1330 1958 1418 1999 iam
1439 1957 1586 1998 dicere
1611 1972 1747 2014 quam
1772 1971 1843 1998 res

509 2043 624 2084 quae
652 2026 817 2068 feriunt
839 2025 1070 2067 oculorum
1097 2024 1214 2065 acies
1241 2023 1481 2079 uisumque
1508 2022 1750 2064 lacessunt.

509 2092 800 2135 Errabundus
829 2090 948 2132 enim
974 2090 1099 2132 tarde
1120 2089 1246 2131 uenit
1273 2104 1322 2130 ac
1343 2088 1457 2145 perit
1475 2093 1579 2129 ante

508 2158 728 2216 paulatim
755 2157 899 2198 facilis
923 2156 1164 2197 distractus
1189 2155 1234 2195 in
1250 2154 1364 2196 aeris
1383 2168 1513 2195 auras
1533 2168 1541 2205 ς

510 2240 565 2266 ex
589 2224 679 2266 alto
701 2223 895 2281 primum
916 2221 1018 2278 quia
1036 2221 1113 2262 uix
1135 2219 1355 2262 emittitur
1376 2235 1430 2261 ex
1454 2234 1499 2260 re
1531 2232 1538 2262 :

511 2306 616 2332 nam
635 2284 826 2346 penitus*
842 2289 977 2330 fluere
1002 2291 1136 2343 atque
1158 2286 1362 2328 recedere
1389 2284 1521 2326 rebus
1543 2284 1701 2325 odores

514 2355 738 2413 significat
758 2353 878 2411 quod
903 2353 1040 2394 fracta
1069 2352 1214 2408 magis
1239 2350 1439 2393 redolere
1460 2349 1671 2392 uidentur

514 2420 678 2473 omnia,
701 2420 821 2477 quod
845 2419 1050 2468 contrita,
1082 2417 1201 2474 quod
1228 2416 1321 2473 igni
1346 2414 1667 2457 conlabefacta.

512 2486 684 2528 Deinde
706 2485 858 2525 uidere
884 2484 988 2525 licet
1012 2482 1257 2524 maioribus
1281 2496 1378 2523 esse
1403 2485 1602 2522 creatum

512 2551 742 2609 principiis
762 2566 894 2608 quam
919 2566 1024 2601 uox,
1051 2549 1261 2606 quoniam
1282 2563 1359 2604 per
1377 2561 1506 2588 saxea
1534 2550 1688 2602 saepta

512 2633 600 2659 non
622 2620 845 2674 penetrat,
869 2631 954 2673 qua
975 2630 1065 2656 uox
1093 2613 1227 2669 uolgo
1256 2612 1520 2668 sonitusque
1539 2610 1756 2651 feruntur.

513 2684 658 2734 Quare
681 2682 816 2723 ctiam
844 2681 962 2737 quod
986 2680 1077 2721 olet
1101 2694 1191 2720 non
1220 2683 1310 2720 tam
1333 2677 1461 2719 facilc
1486 2691 1582 2717 esse
1602 2674 1778 2716 uidebis

514 2747 785 2801 inuestigare
811 2746 854 2787 in
884 2761 968 2802 qua
991 2745 1048 2786 sit
1068 2744 1247 2800 regione
1271 2744 1479 2785 locatum.

537 2812 783 2868 ’nesrigescit
811 2812 929 2852 enim
954 2809 1205 2852 cunctando
1233 2810 1363 2865 plaga
1390 2822 1468 2864 per
1495 2821 1640 2858 auras,

518 2894 596 2919 nec
619 2877 759 2919 calida
779 2877 833 2918 ad
859 2892 1041 2918 sensum
1069 2876 1312 2916 decurrunt
1335 2873 1491 2914 nuntia
1513 2887 1676 2913 rerum.

1897 323 1981 366 665

1900 649 1985 692 670

1903 975 1990 1018 675

1907 1301 1990 1344 680

1902 1628 1990 1670 685

1907 1955 1993 1997 690

1913 2281 1996 2325 695

1914 2607 1997 2650 700

408 3054 467 3080 668
493 3054 526 3080 ut
548 3051 629 3080 add.
651 3051 675 3080 Ι.
705 3052 741 3078 fil
807 3052 865 3079 680
883 3048 1099 3088 imlturiiquc
1118 3047 1221 3078 Ponl.
1244 3056 1249 3076 :
1270 3046 1475 3085 uultui-ique
1497 3045 1551 3080 OQ
1637 3047 1695 3073 698
1708 3044 1867 3074 creatum
1882 3042 1969 3073 Mar.
1988 3050 1996 3073 1

367 3101 520 3129 croatam
543 3098 599 3134 OQ
612 3097 658 3135 cs.
678 3099 750 3134 495,
767 3098 825 3126 805
