2242 3595
370 272 422 314 32
515 286 551 312 T.
590 281 763 311 LVCRETI
795 279 904 309 CARI,
939 288 998 298 —·
1029 278 1081 306 DE
1114 276 1254 306 RERVM
1289 275 1469 308 NATVRA.
1506 276 1625 304 LIBER
1656 276 1847 311 QVARTVS

546 395 710 437 perque
737 378 886 419 uolare
908 391 1030 417 mare
1049 391 1098 417 30
1125 380 1266 417 terras
1290 374 1553 431 caelumque
1580 374 1722 431 rigare
1750 388 1758 417 ζ

545 445 650 501 quid
677 458 788 500 quae
814 446 919 483 sunt
943 441 1080 497 igitur
1103 440 1190 482 iam
1219 440 1358 496 prima
1387 439 1531 481 fronte
1553 444 1722 495 parata,

543 525 643 551 cum
668 507 891 549 iaciuntur
917 511 961 547 et
985 505 1200 548 emissum
1221 520 1292 546 res
1319 504 1441 546 nulla
1461 509 1658 546 moratur
1674 506 1694 546 ἵ)
1915 503 1999 546 205

545 574 700 625 Quone
723 571 850 614 uides
877 571 1008 613 citius
1036 570 1196 612 debere
1221 575 1265 612 et
1292 569 1471 625 longius
1499 568 1561 610 ire

545 638 872 695 multiplexque
895 635 983 677 loci
1004 635 1202 692 spatium
1226 640 1528 677 transcurrere
1556 633 1713 675 eodem

542 710 742 760 tempore
761 717 848 760 quo
870 700 978 743 solis
1004 700 1272 757 peruolgant
1298 699 1468 741 lumina
1496 699 1668 740 caelum
1687 699 1708 740 ’.Ρ

543 771 637 811 Ηο0
661 768 796 810 etiam
822 767 866 808 in
887 766 1043 823 primis
1068 765 1295 822 specimen
1311 779 1468 806 uerum
1495 779 1593 805 esse
1615 763 1795 806 uidetur

544 850 677 893 quam
703 832 834 874 celeri
862 837 987 873 motu
1011 846 1159 872 rerum
1180 823 1416 871 simulacra
1442 828 1657 882 ferantur,
1913 828 1998 870 210

544 900 664 957 quod
688 897 822 940 simul
849 912 898 938 ac
926 896 1117 953 primum
1147 894 1230 936 sub
1257 894 1333 936 diu
1361 894 1573 951 splendor
1603 894 1734 951 aquai

546 964 741 1022 ponitur,
767 961 994 1018 extemplo
1015 959 1137 1002 caelo
1166 959 1375 1002 stellante
1403 974 1559 1000 serena

545 1030 689 1071 sidera
711 1027 987 1085 respondent
1013 1026 1059 1067 in
1087 1041 1200 1082 aqua
1227 1024 1446 1067 radiantia
1468 1024 1638 1066 mundi.

545 1097 697 1137 Iamne
725 1093 852 1135 uides
879 1092 1015 1149 igitur
1042 1107 1177 1149 quam
1199 1095 1363 1148 puncto
1388 1094 1588 1147 tempore
1615 1089 1763 1146 imago
1823 1108 1826 1111 ·

542 1159 735 1201 aetheris
760 1174 811 1199 ex
837 1158 924 1198 oris
949 1156 993 1198 in
1021 1161 1241 1198 terrarum
1268 1155 1441 1197 accidat
1462 1171 1563 1197 oras
1579 1157 1599 1197 ‘?
1915 1153 1999 1196 215

544 1226 689 1277 Quare
717 1224 851 1266 etiam
876 1227 1009 1280 atque
1036 1222 1172 1264 etiam
1196 1221 1308 1263 mira
1333 1221 1499 1262 fateare
1520 1224 1749 1262 necessest

1169 1394 1187 1415 >k

542 1586 729 1628 corpora
750 1584 863 1627 quae
891 1568 1053 1611 feriant
1078 1567 1231 1610 oculos
1255 1567 1493 1623 uisumque
1517 1566 1756 1608 lacessant.

542 1638 853 1694 Perpetuoque
877 1636 1023 1676 fluunt
1045 1633 1176 1675 certis
1197 1632 1252 1674 ab
1272 1631 1405 1674 rebus
1433 1632 1616 1683 odores3

541 1703 681 1758 frigus
701 1706 751 1743 ut
772 1716 795 1742 a
822 1700 988 1753 ssuuiis,
1021 1699 1141 1741 calor
1162 1699 1218 1740 ab
1242 1698 1354 1751 sole,
1380 1702 1531 1739 aestus
1556 1697 1611 1739 ab
1636 1697 1770 1740 undis

540 1767 746 1826 aequoris
771 1779 929 1808 exesor
956 1779 1209 1806 moerorum
1236 1763 1367 1805 litora
1387 1763 1570 1805 circum.
1913 1763 1998 1805 220

541 1834 634 1876 Nec
655 1832 803 1874 uariae
831 1835 1009 1873 cessant
1032 1845 1166 1872 uoces
1189 1828 1378 1871 uolitare
1407 1843 1485 1886 per
1508 1844 1653 1871 auras,

542 1899 747 1955 Denique
775 1897 820 1938 in
848 1912 897 1938 os
925 1895 1032 1937 salsi
1052 1895 1177 1937 uenit
1200 1910 1330 1936 umor
1354 1909 1485 1952 saepe
1510 1895 1699 1952 saporis,

541 1980 640 2007 cum
668 1978 789 2004 mare
816 1977 1050 2003 uersamur
1071 1966 1267 2018 propter,
1290 1960 1521 2016 dilutaque
1549 1965 1700 2002 contra

540 2045 640 2072 cum
664 2029 833 2070 tuimur
855 2027 1032 2069 misceri
1058 2026 1299 2083 apsinthia‚
1325 2026 1469 2082 tangit
1493 2041 1682 2067 amaror.

542 2096 694 2152 Vsque
721 2093 830 2135 adeo
854 2092 1063 2134 omnibus
1084 2091 1138 2133 ab
1167 2091 1300 2133 rebus
1328 2106 1397 2132 res
1418 2106 1619 2149 quaeque
1646 2091 1836 2133 fluenter
1913 2091 1997 2133 225

542 2162 682 2203 fertur
709 2164 751 2201 et
776 2159 822 2200 in
847 2162 1033 2200 cunctas
1056 2157 1297 2199 dimittitur
1323 2156 1521 2214 undique
1545 2156 1700 2213 partis,

540 2241 620 2268 nec
642 2240 763 2266 mora
792 2239 872 2265 nec
896 2223 1073 2280 requies
1094 2222 1345 2264 interdatur
1369 2222 1458 2263 ulla
1484 2221 1668 2274 fluendi,

541 2295 756 2348 perpetuo
785 2288 998 2346 quoniam
1027 2287 1262 2340 sentimus,
1287 2292 1331 2329 et
1354 2287 1502 2329 omnia
1526 2302 1702 2344 semper

539 2371 734 2407 cernere,
760 2354 935 2396 odorari
962 2354 1082 2406 licet,
1102 2358 1146 2395 et
1171 2353 1335 2395 sentire
1360 2367 1533 2394 sonare.

599 2423 848 2473 Praeterea,
876 2418 1088 2476 quoniam
1116 2418 1321 2460 manibus
1347 2422 1537 2460 tractata
1560 2417 1700 2474 figura
1911 2418 1996 2460 230

539 2486 581 2528 in
604 2485 801 2529 tenebris
824 2484 1042 2542 quaedam
1066 2484 1354 2540 cognoscitur
1375 2499 1472 2525 esse
1500 2484 1655 2526 eadem
1677 2499 1788 2541 quae

539 2552 735 2594 cernitur
759 2551 801 2591 in
829 2550 926 2592 luce
951 2554 994 2591 et
1016 2549 1135 2592 claro
1157 2549 1364 2602 candore,
1395 2554 1623 2591 necessest

541 2617 764 2659 consimili
789 2632 921 2657 causa
946 2620 1117 2657 tactum
1140 2615 1379 2671 uisumque
1407 2614 1592 2656 moueri.

540 2682 670 2725 Nunc
698 2682 832 2738 igitur
857 2682 893 2722 si
921 2681 1188 2738 quadratum
1211 2685 1484 2737 temptamus
1509 2684 1552 2721 et
1580 2679 1623 2720 id
1649 2694 1729 2721 nos

539 2752 793 2790 commouet
819 2747 863 2787 in
886 2746 1097 2799 tenebris⁷
1123 2746 1167 2787 in
1196 2746 1282 2787 luci
1307 2761 1418 2802 quae
1441 2745 1603 2801 poterit
1629 2760 1699 2786 res
1910 2743 1993 2787 235

540 2813 737 2855 accidere
765 2812 819 2854 ad
847 2813 1041 2869 speciem
1063 2812 1293 2869 quadrata,
1316 2811 1403 2852 nisi
1423 2810 1517 2852 eius
1541 2810 1688 2866 imago
1708 2811 1727 2852 ἵ)

385 2937 631 2944 ——mss

404 3010 461 3033 20⁴}
489 3013 605 3043 quone
631 3004 685 3038 OQ
709 3013 714 3033 :
737 3013 853 3033 nonne
880 3006 905 3039 (J
929 3012 1035 3041 curru,
1064 3002 1164 3043 1111151.
1254 3005 1306 3032 211
1343 3002 1446 3042 aquai
1478 3002 1504 3037 Q
1529 3009 1646 3031 cortu:
1676 3011 1765 3041 aqua
1793 3000 1849 3037 OQ
1935 3001 1993 3030 216

364 3052 447 3081 mira·
470 3054 524 3087 Ul!
554 3062 633 3081 enm
651 3060 876 3091 rruecaesuper
896 3061 911 3080 r
927 3049 960 3080 in
983 3051 1020 3088 Q)
1039 3049 1130 3080 milli
1150 3049 1289 3079 Lat-hm.
1311 3049 1386 3079 sine
1406 3049 1531 3079 lacuna
1620 3051 1678 3079 216
1705 3049 1716 3063 '‘
1747 3051 1803 3078 217
1825 3048 1991 3078 lac-unam

363 3098 539 3128 indicauit
569 3099 752 3128 I'urrnnnn
841 3101 899 3127 218
927 3098 1043 3128 [luunt
1070 3095 1189 3128 Lamb.
1219 3107 1224 3126 :
1258 3098 1365 3127 11113111
1391 3097 1447 3133 OQ
1534 3100 1592 3126 210
1614 3098 1678 3127 ut:
1708 3099 1739 3127 01
1762 3098 1787 3132 Q
1874 3099 1932 3125 222
1957 3096 1989 3125 111

364 3155 429 3174 nos
450 3146 475 3182 Q
563 3151 699 3174 2¹22-st
720 3148 827 3184 ''a-pel.
851 3145 884 3174 itt
904 3145 929 3181 Q
