2242 3595
374 241 428 285 51
520 256 557 284 τ.
596 253 769 283 chnmi
803 251 909 280 mm.
947 263 1003 268 —
1036 250 1089 279 DE
1121 249 1264 279 RERVM
1297 249 1480 280 NATVRA.
1519 249 1640 279 mmm
1672 249 1864 293 QVAR‘rvs

373 355 586 398 nimirum
613 352 716 409 quia
741 366 831 391 uox
853 364 932 406 per
951 348 1065 390 flexa
1092 347 1309 390 foramina
1328 363 1476 390 rerum

372 418 608 463 incolumis
631 415 819 458 transire
844 418 1008 471 potest,
1040 413 1278 455 simulacra
1300 418 1524 457 renutant.
1918 413 2001 457 000

374 482 729 527 perscinduntur
753 480 887 532 enim,
911 478 999 520 nisi
1023 483 1142 520 recta
1163 478 1382 520 foramina
1407 483 1604 531 tranant,

374 548 522 606 qualia
549 552 653 588 sunt
669 545 788 596 uitri,
818 544 988 601 species
1010 558 1097 600 qua
1117 544 1371 585 transuolat
1389 543 1551 587 omnis.

374 616 608 656 Praeterea
633 611 771 668 partis
799 610 844 651 in
865 614 1050 652 cunctas
1074 608 1290 651 diuiditur
1312 624 1417 661 uox,

375 695 429 721 ex
450 678 549 720 aliis
571 677 683 718 aliae
701 675 913 733 quoniam
938 675 1198 731 gignuntur,
1228 674 1305 716 ubi
1326 689 1414 716 una

374 743 583 786 dissuluit
602 741 738 783 semel
762 741 808 782 in
835 740 1001 781 multas
1025 744 1195 791 exorta,
1224 740 1351 796 quasi
1369 739 1487 795 ignis
1921 739 2005 782 605

374 823 505 866 saepe
527 808 642 849 solet
663 805 857 848 scintilla
880 820 984 846 suos
1007 820 1053 846 se
1081 819 1291 860 spargere
1315 804 1360 845 in
1387 805 1520 861 ignis.

374 875 492 930 Ergo
520 873 749 929 replentur
774 871 872 912 loca
890 869 1075 911 uocibus
1100 869 1249 910 abdita
1274 874 1408 921 retro,

376 938 524 981 omnia
547 953 660 996 quae
687 937 853 978 circum
877 935 1053 977 feruont
1073 934 1314 991 sonituque
1342 935 1528 978 cientur.

374 1006 438 1047 At
457 1003 696 1046 simulacra
713 1002 798 1043 uiis
826 1000 1015 1043 derectis
1040 1000 1190 1041 omnia
1207 1000 1400 1043 tendunt

375 1076 426 1113 ut
451 1074 554 1111 sunt
581 1069 719 1110 missa
744 1067 906 1119 semel;
938 1070 1208 1123 quapropter
1228 1081 1409 1107 cernere
1431 1081 1562 1107 nemo
1921 1066 2005 1108 610

377 1139 530 1193 saepta
550 1134 668 1175 intra
689 1132 806 1189 potis
834 1137 917 1186 est,
942 1136 987 1173 at
1012 1146 1147 1172 uoces
1168 1131 1366 1188 accipere
1385 1135 1524 1173 extra.

377 1201 433 1243 Et
460 1206 609 1242 tamen
630 1199 725 1255 ipsa
752 1212 930 1254 quoque
952 1197 1076 1249 haec,
1101 1196 1208 1237 dum
1228 1196 1390 1238 transit
1411 1196 1562 1238 clausa
1585 1195 1948 1246 <domorum>

374 1281 465 1308 uox
487 1264 751 1322 optunditur
774 1267 908 1319 atque
933 1262 1051 1303 auris
1072 1261 1256 1303 confusa
1280 1266 1499 1318 penetrat,

378 1337 421 1373 et
445 1330 643 1371 sonitum
670 1328 819 1385 potius
843 1343 979 1385 quam
1005 1327 1141 1369 uerba
1169 1326 1321 1368 audire
1341 1326 1561 1368 uidemur.

437 1395 546 1447 Neo,
575 1394 650 1451 qui
678 1393 898 1435 sentimus
926 1407 1099 1445 sucum,
1130 1391 1283 1448 lingua
1307 1396 1441 1449 atque
1459 1392 1660 1449 palatum
1925 1391 2009 1434 015

376 1461 631 1520 plusculum
653 1459 821 1501 habent
846 1458 891 1499 in
916 1473 962 1499 se
989 1457 1176 1499 rationis
1199 1457 1303 1514 plus
1328 1472 1559 1514 operaeue.

378 1525 604 1582 Principio
629 1540 786 1566 sucum
814 1523 1033 1565 sentimus
1058 1523 1103 1564 in
1125 1538 1215 1576 ore,
1246 1523 1394 1565 cibum
1423 1538 1522 1565 cum

376 1591 628 1634 mandendo
647 1589 955 1646 exprimimuS‚
987 1603 1068 1630 ceu
1088 1589 1268 1645 plenam
1291 1589 1524 1646 spongiam
1548 1588 1678 1646 aquai

379 1657 520 1716 siquis
540 1656 653 1698 forte
676 1670 811 1696 manu
830 1669 1030 1711 premere
1052 1669 1102 1696 ac
1124 1653 1289 1695 siccare
1310 1654 1471 1711 coepit.

379 1723 486 1766 Inde
513 1721 632 1780 quod
653 1720 948 1777 exprimimus
970 1735 1048 1776 per
1065 1718 1216 1761 caulas
1238 1734 1370 1760 omne
1398 1718 1535 1776 palati
1925 1720 2011 1763 (320

377 1788 545 1830 diditur
565 1792 609 1829 et
628 1801 751 1827 rarae
770 1801 848 1842 per
873 1785 990 1826 flexa
1011 1783 1227 1826 foramina
1250 1784 1443 1841 linguae.

379 1854 476 1895 Hoc
502 1852 577 1894 ubi
601 1852 716 1893 leuia
741 1855 845 1892 sunt
872 1849 1097 1892 manantis
1127 1865 1310 1906 corpora
1336 1849 1445 1903 suci,

379 1918 576 1960 suauiter
599 1917 830 1972 attingunt
854 1921 898 1958 et
924 1915 1121 1957 suauiter
1141 1915 1290 1956 omnia
1317 1919 1513 1957 tractant

377 1984 527 2026 umida
556 1982 727 2039 linguai
752 1982 919 2023 circum
946 1980 1153 2022 sudantia
1180 1979 1363 2037 templa.

378 2050 442 2092 At
462 2053 615 2091 contra
638 2051 845 2104 pungunt
869 2061 1051 2088 sensum
1069 2046 1355 2103 lacerantque
1377 2050 1546 2098 coorta,
1927 2045 2011 2087 620

378 2120 547 2172 quanto
572 2128 773 2170 quaeque
801 2112 944 2168 magis
973 2116 1079 2153 sunt
1106 2111 1347 2168 asperitate
1377 2110 1563 2167 repleta.

379 2179 551 2222 Deinde
569 2180 780 2235 uoluptas
807 2182 875 2219 est
902 2192 924 2219 e
952 2192 1057 2218 suco
1084 2176 1171 2217 fine
1191 2176 1332 2233 palati
1354 2189 1362 2228 3

380 2261 480 2287 cum
506 2260 612 2286 uero
635 2244 843 2286 deorsum
866 2258 944 2301 per
969 2242 1119 2284 fauces
1145 2241 1474 2299 praecipitauit,

377 2311 500 2354 nulla
520 2311 731 2367 uoluptas
759 2314 842 2361 est,
874 2309 981 2350 dum
1008 2308 1177 2350 diditur
1196 2307 1343 2349 omnis
1361 2307 1407 2349 in
1435 2310 1573 2350 artus.

380 2376 474 2419 Nec
494 2375 628 2418 refert
647 2376 889 2433 quicquam
911 2390 998 2431 quo
1017 2373 1141 2415 uictu
1168 2388 1330 2429 corpus
1351 2373 1513 2426 alatur,
1927 2371 2011 2414 030

379 2441 623 2484 dummodo
649 2441 768 2498 quod
795 2441 944 2497 capias
966 2443 1229 2481 concoctum
1249 2438 1399 2480 didere
1423 2438 1570 2496 possis

380 2501 581 2553 artubus,
608 2505 652 2543 et
673 2499 890 2542 stomachi
917 2504 1145 2542 umectum
1169 2513 1347 2540 seruare
1371 2502 1590 2540 tenorem.

439 2567 568 2608 Nunc
597 2566 696 2608 aliis
714 2566 827 2607 alius
849 2565 925 2622 qui
947 2565 1004 2606 sit
1026 2564 1151 2606 cibus
1171 2569 1222 2606 ut
1246 2564 1480 2606 uideamus

420 2709 480 2735 600
506 2704 675 2734 renutant
704 2713 710 2733 :
737 2704 932 2733 rcnuntant
964 2703 989 2732 Ο
1015 2702 1175 2733 rcrutant
1207 2702 1233 2738 Q
1318 2704 1377 2731 602
1405 2701 1490 2731 uitri
1520 2702 1545 2737 Q
1569 2710 1664 2732 corr.
1698 2709 1704 2730 :
1734 2700 1838 2730 uitrei
1859 2702 1884 2731 t)
1921 2700 2014 2731 uitre

381 2754 407 2790 Q
493 2753 551 2781 60-'1
577 2751 639 2781 ubi
666 2760 734 2781 una
769 2752 794 2787 Q
821 2759 914 2780 corr.
948 2759 953 2780 :
984 2749 1091 2779 ubina
1127 2750 1184 2786 QQ
1270 2751 1328 2778 605
1350 2747 1521 2778 dissuluit
1556 2750 1582 2785 Q
1614 2757 1620 2778 2
1656 2747 1813 2778 dissiluit
1843 2748 1868 2778 Ο
1954 2750 2013 2777 608

380 2799 646 2830 scruuntMimr.
675 2808 681 2829 z
714 2798 860 2828 suerunt
885 2798 967 2834 OQ:
995 2797 1130 2827 feriunt
1161 2796 1302 2827 Larhm.
1337 2806 1343 2826 :
1376 2795 1530 2826 subsunt
1558 2796 1665 2826 Rern.
1702 2805 1707 2825 :
1739 2795 1930 2835 omniaque
1961 2795 2015 2825 his

378 2849 511 2879 circuni
531 2847 677 2877 sci-nunt
697 2845 819 2885 Briey.
890 2847 945 2874 611
968 2847 1090 2885 saepta
1106 2845 1199 2875 intra
1218 2843 1338 2884 Brt'eq.
1362 2843 1475 2874 Ginss.
1500 2853 1505 2873 :
1525 2853 1630 2883 saepe
1646 2853 1752 2883 supra
1766 2845 1823 2880 OQ
1842 2853 1848 2873 :
1871 2852 2015 2882 saepem

380 2896 471 2925 intra
492 2894 632 2925 Lachm.
652 2903 658 2924 t
679 2903 821 2933 saepem
842 2893 934 2923 ultra
951 2893 1056 2923 Rern.
1086 2892 1203 2923 Munr.
1291 2894 1350 2921 612
1378 2891 1567 2921 domorum
1586 2890 1667 2921 add.
1689 2890 1831 2921 Lachm.
1878 2892 2015 2920 615nec

381 2942 491 2973 Marx:
528 2943 593 2971 hoc
619 2944 644 2972 (1)
678 2952 720 2971 oc
747 2944 782 2977 Q,
820 2940 964 2971 mainsc.
992 2940 1121 2971 omissa
1208 2942 1266 2968 616
1285 2949 1460 2979 operaeuc
1481 2938 1623 2969 anhm.
1653 2948 1660 2971 z
1683 2948 1791 2978 opere
1811 2938 1868 2974 OQ
1953 2940 2012 2967 618

380 3000 470 3030 aqua
491 2992 548 3026 QQ
634 2992 687 3018 621
709 2998 770 3028 per
794 2989 881 3018 flexa
912 2988 1003 3018 Mon.
1033 2998 1038 3018 z
1064 2987 1231 3027 perplexa
1251 2987 1308 3023 OQ
1373 2990 1431 3016 622
1462 2986 1641 3016 manantis
1668 2986 1770 3017 Ponl.
1793 2994 1799 3016 ς
1828 2985 2014 3015 manantes

379 3040 435 3074 QQ
501 3039 559 3067 621
588 3037 721 3066 uniidai
747 3036 864 3073 lingua
899 3038 956 3072 OQ
1022 3038 1075 3064 631
1113 3034 1263 3075 possis!
1296 3036 1332 3064 31
1369 3043 1373 3064 :
1408 3044 1533 3074 posses
1566 3033 1624 3070 OQ
1709 3036 1767 3062 632
1805 3032 2010 3062 humectum

380 3085 484 3114 l’unl.
522 3094 526 3113 z
553 3085 711 3113 miliduni
736 3086 815 3118 QQ:
845 3083 1043 3113 umidnlnni
1073 3082 1213 3112 Lat-hm.
1240 3082 1360 3111 Mnnr.
1452 3082 1608 3110 633263'0
1647 3080 1813 3110 lacunam
1837 3078 2010 3109 indicauit

383 3132 501 3170 liricq.
529 3142 533 3160 3
566 3132 666 3160 wilm*
691 3132 813 3160 unicus
836 3134 941 3168 aptus
969 3129 1110 3159 l,:o‹·l›m,
1139 3139 1143 3157 1
1177 3129 1269 3158 vilui*
1290 3130 1409 3158 simui*¹
1438 3132 1467 3158 vi
1503 3128 1616 3157 almus
1645 3127 1774 3158 Maur..
1801 3126 1905 3156 ambo
1932 3125 2009 3155 sina

385 3187 494 3204 ιἸΓΙΙῘΙ-’δ
