2242 3595
361 217 412 259 21-
500 231 538 261 Τ.
576 231 748 259 LVCRETI
782 230 889 258 CARI.
926 241 982 248 ·—
1016 230 1068 258 DE
1100 230 1243 258 RERVM
1277 230 1458 259 NATVRA.
1495 230 1613 258 LIBER
1647 231 1839 266 QVARTVS

534 328 647 370 Nam
671 344 747 370 cur
768 328 843 369 illa
867 328 1028 370 cadant
1055 328 1199 386 magis
1220 328 1275 370 ab
1303 328 1524 386 rebusque
1546 330 1755 387 recedant
1930 330 1984 374 65

532 409 664 451 quam
692 408 804 450 quae
826 393 978 435 tenuia
1000 399 1119 444 sunt,
1145 394 1390 466 hiscendaist
1417 395 1540 437 nulla
1564 399 1763 451 potestas
1787 410 1795 450 ;

532 458 793 514 praesertim
821 474 922 500 curn
950 459 1039 501 sint
1059 459 1105 500 in
1133 459 1322 501 summis
1347 475 1531 516 corpora
1555 460 1688 502 rebus

531 523 672 565 multa
699 524 887 577 minuta,
912 524 995 566 iaci
1018 541 1129 582 quae
1157 525 1333 582 possint
1360 525 1514 567 ordine
1539 525 1696 567 eodem

530 604 617 645 quo
643 588 806 630 fuerint
831 594 874 631 et
894 589 1051 631 formai
1073 606 1249 632 seruare
1274 591 1479 647 figuram,

531 659 574 695 et
602 653 742 695 multo
765 655 912 706 citius,
944 661 1111 712 quanto
1133 656 1280 698 minus
1307 655 1562 713 indupediri
1928 656 1984 698 70

530 734 667 777 pauca
695 726 864 777 queunt
888 726 932 763 et
953 729 1007 771 <
1032 737 1146 779 quae
1173 729 1227 771 >
1250 727 1355 764 sunt
1376 721 1519 778 prima
1541 720 1685 763 fronte
1710 721 1870 764 locata.

532 785 647 826 Nam
670 791 787 827 certe
812 786 953 828 iacere
975 802 1025 828 ac
1046 787 1196 843 largiri
1224 788 1366 829 multa
1393 786 1615 838 uidemus,

531 865 620 891 non
649 851 797 892 solum
819 867 872 893 ex
901 852 991 894 alto
1013 845 1308 910 penitusqueJ
1326 857 1376 894 ut
1400 852 1598 893 diximus
1619 857 1739 904 ante,

530 931 687 957 uerum
714 916 768 958 de
790 917 977 958 summis
1002 917 1150 974 ipsum
1171 933 1348 975 quoque
1373 931 1506 974 saepe
1533 916 1745 959 colorem.

531 980 587 1022 Et
607 980 740 1036 uolgo
762 981 931 1024 faciunt
951 983 996 1024 id
1018 982 1139 1025 lutea
1163 997 1379 1040 russaque
1402 982 1503 1024 uela
1930 981 1983 1024 75

529 1051 573 1087 et
599 1046 838 1103 ferrugina‚
870 1063 970 1089 curn
999 1048 1174 1105 magnis
1201 1049 1375 1090 intenta
1398 1046 1585 1090 theatris

528 1127 606 1168 per
631 1112 771 1153 malos
795 1113 974 1169 uolgata
1002 1113 1240 1171 trabesque
1258 1113 1494 1155 trementia
1518 1112 1719 1155 ssutant:

528 1192 719 1234 namque
743 1177 805 1219 ibi
832 1194 1095 1221 consessum
1121 1179 1273 1221 caueai
1299 1183 1452 1235 supter
1476 1182 1518 1219 et
1539 1192 1718 1219 ornnem

529 1242 676 1283 scenai
698 1244 907 1299 speciem,
937 1243 1149 1302 †patrum
1175 1250 1457 1301 matrumque
1478 1242 1700 1301 deorum-1·

529 1307 732 1350 inficiunt
758 1314 1012 1366 coguntque
1030 1326 1110 1352 suo
1132 1310 1230 1352 fluit
1235 1326 1306 1352 ire
1327 1309 1490 1361 colore,
1926 1306 1981 1349 80

528 1377 571 1414 et
595 1378 763 1430 quanto
791 1374 958 1416 circum
980 1390 1107 1431 mage
1132 1380 1237 1417 sunt
1258 1375 1429 1416 inclusa
1456 1373 1620 1415 theatri

528 1439 720 1492 moenia,
744 1445 836 1481 tarn
855 1441 999 1497 magis
1026 1441 1133 1483 haec
1154 1441 1275 1482 intus
1297 1439 1477 1497 perfusa
1500 1439 1650 1496 lepore

528 1504 678 1546 omnia
700 1505 935 1548 conrident
959 1511 1159 1563 correpta
1189 1507 1287 1548 luce
1309 1506 1411 1547 diei.

528 1569 646 1625 Ergo
670 1569 806 1612 lintea
832 1571 885 1612 de
908 1587 1083 1613 summo
1111 1587 1213 1613 011111
1240 1586 1422 1628 corpore
1444 1570 1593 1612 fucum

526 1635 726 1688 mittunt,
753 1636 922 1692 effigias
950 1652 1126 1694 quoque
1154 1636 1319 1679 debent
1340 1636 1515 1678 mittere
1540 1635 1687 1678 tenuis
1927 1632 1981 1675 85

527 1715 597 1741 res
622 1716 838 1758 quaeque,
869 1717 922 1743 ex
950 1718 1126 1744 summo
1149 1703 1363 1759 quoniam
1383 1702 1637 1744 iaculantur
1662 1705 1866 1757 utraque.

526 1765 638 1807 Sunt
656 1766 792 1822 igitur
818 1766 906 1807 iarn
934 1766 1176 1808 formarum
1202 1767 1393 1823 uestigia
1421 1772 1540 1809 certa

527 1846 639 1888 quae
667 1830 801 1888 uolgo
824 1833 1016 1874 uolitant
1045 1833 1199 1889 suptili
1223 1833 1425 1890 praedita
1446 1833 1520 1874 filo

526 1911 605 1938 nec
631 1897 892 1954 singillatim
918 1904 1109 1955 possunt
1131 1903 1299 1941 secreta
1323 1898 1481 1941 uideri.

526 1962 759 2004 Praeterea
781 1963 925 2005 omnis
947 1964 1055 2005 odor
1082 1963 1231 2005 fumus
1255 1979 1396 2020 uapor
1419 1969 1554 2020 atque
1578 1964 1690 2005 aliae
1715 1978 1785 2005 res
1925 1961 1979 2004 90

526 2027 780 2069 consimiles
807 2028 905 2069 ideo
931 2028 1115 2070 diffusae
1143 2029 1276 2071 rebus
1296 2029 1543 2081 abundant,

528 2107 580 2133 ex
603 2093 693 2133 alto
722 2093 825 2149 quia
849 2093 956 2134 dum
979 2094 1168 2135 ueniunt
1186 2094 1457 2136 intrinsecus
1485 2099 1622 2147 ortae,

530 2157 796 2199 scinduntur
823 2174 901 2215 per
925 2159 1009 2201 iter
1026 2160 1209 2211 flexum,
1241 2175 1321 2201 nec
1343 2164 1461 2201 recta
1482 2159 1657 2201 uiarum

525 2223 639 2264 ostia
664 2228 769 2266 sunt
796 2240 883 2281 qua
907 2225 1180 2267 contendant
1205 2225 1324 2267 exire
1346 2231 1538 2268 coortae.

524 2289 587 2330 At
612 2294 764 2330 contra
793 2290 941 2331 tenuis
966 2291 1131 2331 summi
1160 2290 1417 2332 membrana
1438 2291 1600 2332 coloris
1924 2289 1979 2331 95

525 2369 626 2394 011111
654 2354 825 2405 iacitur,
850 2355 915 2396 nil
938 2360 1006 2397 est
1033 2356 1152 2412 quod
1172 2371 1270 2397 eam
1291 2356 1542 2413 discerpere
1568 2356 1728 2413 possit,

525 2419 570 2459 in
596 2424 805 2476 promptu
832 2420 1044 2476 quoniam
1069 2427 1137 2463 est
1163 2421 1208 2462 in
1228 2422 1371 2477 prima
1398 2421 1545 2464 fronte
1571 2422 1731 2464 locata.

386 2617 422 2643 68
443 2614 566 2644 codem
585 2614 769 2644 Fontanus
790 2624 795 2644 :
817 2624 939 2645 eorum
961 2615 1016 2651 OQ
1062 2618 1099 2645 69
1119 2616 1245 2646 formai
1286 2616 1426 2648 Vossisss
1447 2627 1454 2648 :
1487 2617 1601 2648 forma
1625 2618 1681 2654 OQ
1696 2627 1776 2648 cum
1807 2616 1924 2648 forma
1952 2618 1978 2655 Q

346 2671 443 2692 corr.
515 2664 550 2690 71
572 2672 662 2702 qnae
680 2662 763 2692 add.
784 2662 926 2693 Lachm.
949 2663 982 2693 in
1003 2663 1118 2703 prima
1135 2665 1160 2700 Q
1185 2663 1337 2705 antiqua
1358 2674 1478 2703 manu,
1500 2664 1531 2696 si
1563 2675 1631 2697 non
1664 2665 1784 2706 prima
1872 2667 1908 2694 72
1939 2675 1980 2696 ac

345 2708 464 2745 largiri
483 2708 626 2739 Lac-hm.
644 2720 649 2739 :
669 2709 994 2749 laceccreacicrgiri
1015 2711 1040 2741 O
1060 2711 1176 2741 iacere
1195 2721 1234 2741 ac
1252 2711 1372 2751 iergiri
1389 2711 1414 2748 Q
1433 2722 1474 2743 ac
1493 2713 1602 2753 mergi
1628 2712 1653 2749 Q
1681 2714 1716 2743 in
1737 2721 1851 2752 marg.
1941 2715 1977 2742 77

345 2756 473 2786 ssntant
497 2755 684 2787 Turnebus
702 2766 708 2787 z
734 2757 863 2787 fluetus
883 2757 908 2793 Q
929 2767 935 2788 :
968 2767 1036 2788 om.
1059 2758 1083 2786 0
1171 2761 1208 2788 78
1227 2768 1441 2790 consensum
1458 2760 1484 2797 Q
1502 2770 1610 2792 cauea
1634 2760 1690 2798 OQ
1777 2763 1814 2790 79
1838 2760 1979 2790 scaenai

346 2803 467 2834 Lami).
487 2813 493 2834 ς
529 2804 671 2834 scacnal
713 2804 759 2834 0:
799 2805 991 2841 scaenaliQ
1080 2807 1221 2845 patrum
1253 2809 1479 2847 matrumque
1518 2808 1665 2839 deorum
1704 2807 1776 2845 OQ:
1820 2807 1978 2848 pulcram

346 2851 554 2890 nariumque
591 2851 755 2882 decorem
794 2852 935 2882 Lachm.
958 2863 963 2883 1
1007 2856 1147 2892 patrum
1186 2855 1399 2894 coctumque
1443 2855 1610 2886 decorum
1644 2856 1794 2886 Munro:
1835 2855 1978 2885 Parium

347 2908 572 2937 marmorque
597 2899 744 2928 deorum
770 2900 919 2940 th'eyer
1006 2903 1039 2929 sl
1062 2900 1198 2931 inclusa
1215 2901 1240 2936 Q
1261 2910 1267 2930 :
1288 2901 1480 2932 inclaustra
1499 2902 1524 2931 l)
1542 2903 1589 2933 ila
1621 2903 1741 2933 clausa
1760 2901 1911 2943 Brieyer
1926 2901 1980 2932 his

347 2946 466 2975 clausa
486 2945 653 2976 Giussani
739 2951 775 2976 82
806 2946 985 2977 mocnihu'
1014 2947 1131 2978 Munr.
1220 2952 1258 2977 86
1286 2950 1457 2988 utraeque
1478 2949 1504 2979 O
1590 2954 1628 2980 90
1657 2950 1726 2981 alia
1752 2948 1808 2986 OQ
1838 2949 1925 2980 aliae
1950 2949 1977 2986 Q

347 3002 440 3022 corr.
528 2996 562 3022 91
581 2993 729 3023 ‹liss'usac
754 2997 855 3031 <0>
882 2994 989 3024 rebus
1014 2994 1094 3025 aad.
1132 2995 1253 3026 Lamb.
1341 2999 1379 3025 92
1417 2996 1632 3029 intrinsecus
1669 2995 1804 3033 Lamb.,
1840 2995 1976 3035 Munr.‚

347 3039 476 3068 ‹roll-¹¹10
504 3039 546 3068 1Ἰ
571 3042 647 3069 7091)
677 3040 739 3070 uhi
764 3041 912 3071 (111111)οί
935 3042 1149 3072 intrinsecus
1168 3052 1233 3082 pro
1255 3043 1498 3074 extrinsecus:
1523 3045 1744 3075 extrinsecus
1770 3044 1836 3082 OQ,
1853 3045 1975 3075 seruat

350 3086 535 3118 &iuss-:aniz
553 3089 613 3117 secl
628 3099 645 3117 11
655 3098 804 3130 usquam
821 3089 1042 3119 extrinsecus
1058 3100 1138 3120 011111
1159 3089 1267 3120 ner-Im
1287 3091 1454 3122 mouendi
1472 3091 1661 3123 inuenitur
1746 3093 1781 3121 91
1808 3093 1932 3122 coorta
1951 3090 1976 3121 O
