2242 3595
388 242 441 283 62
534 256 571 283 T.
610 253 783 282 chrffirx
816 252 922 279 CAm.
960 263 1016 267 —-
1050 250 1101 277 DE
1135 250 1277 277 RERVM
1311 248 1493 275 NATVRA.
1531 247 1652 274 LiBER
1685 244 1877 281 QVARTVS

561 350 777 392 haerescit
802 349 930 391 facile
959 346 1202 403 extemplo,
1228 346 1348 403 quod
1374 345 1567 387 diximus
1593 348 1713 398 ante,

572 419 739 471 Jropter
767 412 980 455 subtilem
1014 417 1221 453 naturam
1248 415 1292 452 et
1319 410 1470 452 tenuia
1490 414 1630 451 texta.

554 431 718 521 ljetera
744 478 796 519 de
830 492 991 534 genere
1017 476 1098 518 hoc
1124 476 1278 517 eadem
1306 475 1475 517 ratione
1503 479 1726 516 creantur.

562 546 682 594 Quae
707 559 809 584 cum
833 542 1061 583 mobiliter
1084 556 1259 582 summa
1280 541 1463 582 leuitate
1484 539 1700 591 feruntur,
1928 537 2010 579 745

559 614 609 650 ut
635 609 758 664 prius
780 607 973 660 ostendi,
998 606 1125 648 facile
1146 622 1236 648 uno
1258 610 1512 647 commouet
1539 605 1630 646 ictu

561 673 787 730 quaelibet
812 688 901 714 una
927 672 1127 713 animum
1149 671 1278 712 nobis
1306 670 1484 712 subtilis
1509 670 1685 725 imago;

562 739 708 780 tenuis
735 738 855 779 enim
882 753 1009 779 mens
1037 741 1103 778 est
1131 741 1174 778 et
1197 736 1307 777 mire
1330 735 1509 776 mobilis
1537 734 1648 790 ipsa.

620 805 741 846 Haec
762 803 857 844 fieri
881 808 930 844 ut
958 817 1170 853 memoro,
1196 800 1323 843 facile
1349 801 1452 842 hinc
1477 813 1746 855 cognoscere
1770 798 1933 854 possis.

560 870 791 921 Quatenus
815 868 896 909 hoc
922 867 1111 908 similest
1129 867 1212 918 illi,
1236 866 1354 922 quod
1381 871 1530 907 mente
1557 864 1764 905 uidemus
1929 862 2013 904 750

559 940 692 991 atque
714 933 869 986 oculis,
896 932 1031 973 simili
1052 932 1147 973 fieri
1170 932 1341 973 ratione
1363 935 1603 972 necessest.

562 999 691 1041 Nunc
718 999 855 1055 igitur
880 997 1010 1039 docui
1037 997 1250 1054 quoniam
1277 1011 1347 1037 me
1376 995 1488 1037 forte
1515 995 1691 1036 leonem

560 1079 737 1106 cernere
766 1079 843 1120 per
871 1062 1124 1115 simulacra,
1155 1062 1308 1104 oculos
1343 1075 1650 1119 quaecumque
1674 1060 1917 1111 lacessunt,

561 1130 672 1171 scire
700 1129 805 1170 licet
832 1134 1027 1169 mentem
1056 1127 1193 1169 simili
1220 1127 1393 1169 ratione
1420 1126 1605 1177 moueri,

561 1210 640 1251 per
663 1195 899 1235 simulacra
922 1193 1097 1235 leonem
1119 1198 1163 1235 et
1183 1198 1330 1234 cetera
1351 1207 1463 1248 quae
1491 1191 1614 1232 uidet
1640 1204 1778 1247 aeque
1931 1188 2015 1230 755

562 1276 644 1301 nec
672 1260 820 1300 minus
848 1264 981 1316 atque
1009 1258 1142 1310 oculi,
1168 1258 1255 1299 nisi
1283 1257 1402 1314 quod
1423 1271 1552 1313 mage
1572 1255 1726 1298 tenuia
1753 1254 1910 1297 cernit.

560 1327 652 1367 Nec
677 1325 849 1366 ratione
877 1324 977 1375 alia,
1009 1339 1110 1364 cum
1140 1338 1325 1364 somnus
1353 1321 1552 1363 membra
1580 1320 1793 1377 profudit,

562 1406 688 1431 mens
714 1389 850 1430 animi
875 1388 1050 1445 uigilat‚
1076 1388 1161 1429 nisi
1186 1388 1305 1445 quod
1325 1388 1558 1430 simulacra
1582 1386 1810 1427 lacessunt

561 1456 666 1497 haec
691 1455 845 1496 eadem
870 1459 1049 1495 nostros
1074 1454 1247 1495 animos
1275 1468 1387 1511 quae
1409 1468 1509 1494 cum
1537 1451 1796 1507 uigilamus,

560 1536 703 1578 usque
730 1520 855 1572 adeo,
888 1524 1005 1561 certe
1026 1524 1076 1560 ut
1099 1519 1332 1561 uideamur
1359 1533 1539 1560 cernere
1568 1532 1669 1558 eum
1696 1531 1828 1574 quem
1930 1514 2014 1556 760

560 1586 715 1627 relicta
741 1585 835 1627 uita
862 1585 946 1626 iam
978 1600 1098 1625 mors
1129 1589 1173 1626 et
1200 1589 1313 1626 terra
1336 1584 1539 1641 potitast.

562 1652 657 1692 Hoc
679 1651 778 1692 ideo
803 1650 895 1691 fieri
925 1650 1044 1707 cogit
1065 1654 1241 1702 natura,
1269 1650 1390 1707 quod
1417 1664 1572 1690 omnes

561 1716 760 1773 corporis
785 1716 933 1757 offecti
955 1730 1112 1757 sensus
1137 1730 1215 1771 per
1242 1715 1441 1756 membra
1467 1714 1706 1772 quiescunt

561 1797 642 1823 nec
666 1786 855 1838 possunt
876 1780 1039 1822 falsum
1065 1781 1183 1822 ueris
1208 1780 1472 1821 conuincere
1494 1779 1642 1821 rebus.

561 1848 797 1890 Praeterea
816 1846 1076 1888 meminisse
1104 1845 1219 1888 iacet
1240 1846 1512 1903 languetque
1538 1860 1712 1901 sopore,
1929 1841 2012 1884 ’765

563 1928 643 1954 nec
665 1912 875 1954 dissentit
899 1927 1000 1953 eum
1030 1911 1186 1953 mortis
1214 1911 1381 1968 letique
1411 1911 1602 1967 potitum

563 1978 651 2020 iam
674 1978 863 2035 pridem,
892 1992 1026 2034 quem
1047 1992 1174 2018 mens
1193 1977 1347 2018 uiuom
1370 1992 1416 2018 se
1444 1991 1622 2018 cernere
1651 1974 1805 2017 credit.

563 2043 694 2095 Quod
720 2048 939 2100 superest,
965 2058 1053 2084 non
1075 2047 1143 2084 est
1164 2042 1326 2083 mirum
1348 2042 1587 2083 simulacra
1611 2040 1783 2082 moueri

563 2109 858 2165 bracchiaque
880 2108 925 2149 in
953 2123 1189 2149 numerum
1217 2108 1380 2150 iactare
1402 2112 1445 2148 et
1463 2111 1607 2149 cetera
1635 2104 1849 2148 membra.

565 2175 681 2216 Nam
707 2174 756 2216 fit
780 2179 829 2215 ut
850 2174 893 2214 in
923 2173 1093 2214 somnis
1119 2173 1259 2214 facere
1287 2173 1370 2214 hoc
1396 2173 1602 2214 uideatur
1623 2172 1769 2227 imago
1792 2184 1800 2222 3
1935 2168 2018 2210 770

562 2240 727 2297 quippe
755 2239 832 2281 ubi
854 2239 997 2295 prima
1020 2238 1136 2294 perit
1161 2238 1335 2296 alioque
1364 2243 1431 2279 est
1453 2238 1592 2279 altera
1618 2242 1723 2279 nata

565 2306 666 2347 inde
690 2310 824 2357 statu,
851 2305 970 2361 prior
998 2304 1067 2345 hic
1095 2310 1272 2360 gestum
1301 2309 1498 2345 mutasse
1526 2303 1718 2345 uidetur.

565 2370 743 2412 Scilicet
765 2370 807 2411 id
836 2370 929 2411 lieri
953 2370 1083 2411 celeri
1106 2370 1276 2411 ratione
1297 2369 1592 2426 putandumst
1623 2383 1631 2411 z

568 2440 690 2478 tanta
718 2440 785 2477 est
810 2435 1038 2476 mobilitas
1067 2440 1110 2477 et
1135 2451 1283 2477 rerum
1311 2435 1436 2491 copia
1461 2440 1601 2487 tanta,

564 2507 777 2558 tantaque
802 2500 1005 2542 sensibili
1027 2500 1187 2557 quouis
1215 2506 1283 2542 est
1309 2506 1508 2557 tempore
1537 2500 1581 2541 in
1603 2515 1691 2541 uno
1933 2496 2016 2538 775

566 2567 691 2624 copia
717 2565 1053 2623 particularum,
1077 2571 1127 2607 ut
1151 2566 1292 2621 possit
1322 2566 1623 2622 suppeditare.

627 2632 878 2689 [Multaque
904 2632 947 2672 in
973 2632 1043 2672 his
1070 2631 1204 2673 rebus
1229 2637 1519 2688 quaeruntur,
1544 2630 1773 2686 multaque
1802 2628 1929 2670 nobis

566 2698 887 2748 clarandumst,
922 2697 1050 2752 plane
1080 2697 1114 2737 si
1146 2713 1214 2738 res
1243 2712 1463 2752 exponere
1489 2711 1689 2737 auemus.

567 2763 805 2813 Quaeritur
828 2763 869 2804 in
899 2763 1056 2819 primis
1078 2778 1229 2820 quare,
1255 2762 1373 2819 quod
1398 2762 1557 2818 cuique
1587 2761 1722 2802 libido

401 2892 584 2899 ...Λιμῷ-’,ωι-
590 2893 666 2899 ...d-,s
675 2891 1847 2898 Afflssfflss-*QQ—
1860 2889 2013 2895 ψ

434 2967 489 2995 ῖῑϊ.)
515 2965 617 2995 ‹locui
638 2964 806 3005 quoniam
829 2966 895 2999 (11.1,
923 2964 966 3003 (’1’.
990 2966 1046 2994 ΜΟ
1074 2973 1079 2994 t
1107 2964 1274 3004 quoniam
1299 2964 1402 2993 docui
1435 2963 1553 2994 Laml).
1576 2963 1716 2993 lam-hm.
1746 2962 1845 3003 111119.
1882 2962 2018 2992 leonem

393 3012 532 3043 Lachm.
553 3023 558 3042 z
578 3013 717 3043 leonum
748 3012 803 3047 OQ
912 3015 968 3041 755
993 3012 1129 3041 leonem
1155 3014 1191 3041 et
1217 3011 1357 3041 Lachm.
1380 3020 1384 3040 :
1406 3011 1547 3041 leonum
1575 3012 1631 3048 HQ
1739 3013 1796 3039 756
1820 3019 1883 3040 nec
1902 3009 2018 3039 minus

392 3061 481 3090 oculi
511 3063 617 3099 atque
641 3059 697 3095 OQ
785 3062 836 3088 761
867 3059 1005 3089 rellicta
1031 3059 1126 3089 Voss.
1146 3068 1152 3089 :
1175 3059 1312 3089 reddita
1332 3058 1387 3094 OQ
1476 3060 1533 3088 ’766
1559 3058 1685 3098 litique
1711 3057 1767 3094 OQ
1854 3060 1912 3087 769
1936 3055 2019 3086 bra-

392 3108 540 3146 chiaque
558 3110 624 3144 HQ,
642 3107 722 3137 ilem
742 3109 808 3143 ΠΗ),
830 3107 890 3137 ser!
910 3106 1074 3137 bracchia
1093 3110 1117 3134 ί)
1136 3109 1196 3136 9:32²
1296 3109 1431 3135 777-s17
1455 3105 1594 3136 utu-inis
1616 3105 1698 3137 incl.
1717 3105 1794 3135 edd.
