2242 3595
1002 233 1132 262 NOTES
1793 218 1808 261 1
1821 218 1875 261 35

257 334 282 374 ἐι
301 331 583 375 l'amertume
602 331 655 375 de
676 330 931 385 l'absinthe,
953 337 997 374 et
1020 332 1255 390 expliquee
1276 347 1357 389 par
1382 331 1423 373 la
1444 335 1599 374 nature
1627 331 1680 374 de
1699 347 1770 374 ses
1792 333 1876 374 e'le-

255 401 403 440 ments
439 415 458 437 «
501 398 675 439 leuibus
711 403 846 456 atque
884 398 1088 439 rotundis
1118 416 1138 436 »
1175 397 1254 447 ΙΙΙ,
1293 396 1487 439 191-195
1523 400 1578 438 ou
1609 397 1649 439 le
1671 397 1777 439 miel
1809 402 1877 439 est

255 466 510 519 represente
534 478 706 504 comme
729 463 832 519 plus
857 462 979 519 epais
995 466 1038 503 et
1059 462 1160 518 plus
1182 461 1275 504 lent
1301 477 1386 518 que
1411 461 1540 515 l'eau,
1559 467 1602 504 et
1620 462 1752 504 d’une
1769 478 1875 504 con-

254 527 445 569 sistance
473 527 575 583 plus
594 528 729 569 dense
759 544 778 566 «
811 527 1028 568 nimirum
1053 528 1158 583 quia
1181 541 1266 568 non
1293 532 1383 567 tam
1408 527 1581 568 leuibus
1599 533 1742 569 eaestat
1766 528 1876 569 Cor-

248 593 438 648 poribus
466 607 606 649 neque
628 598 716 633 tam
746 591 988 633 subtilibus
1013 596 1148 646 atque
1177 592 1382 632 rotundis
1413 610 1450 635 >›.

312 657 399 700 672
431 667 590 713 supera
621 670 628 700 :
657 657 769 698 mais
797 657 921 712 infra
943 672 985 697 v,
1013 655 1110 697 112.

313 722 398 765 673
432 721 501 763 Cf.
533 721 632 763 722.
1012 742 1015 744 ·

311 786 512 828 adiectus
536 799 544 829 :
571 785 739 827 semble
760 788 857 827 eree
881 800 960 842 par
982 785 1196 837 Luerece;
1224 784 1280 826 cf.
1306 784 1391 825 205
1411 789 1455 826 et
1482 789 1601 827 note.

311 851 396 894 674
431 850 497 893 Cf.
519 850 709 907 Epicure
728 850 839 892 dans
864 850 995 907 Diog.
1021 850 1167 892 Laert.
1194 850 1248 902 X,
1274 849 1328 890 53
1350 866 1370 887 «
1394 849 1471 892 Καὶ
1491 854 1565 903 μὴν
1587 855 1649 893 καὶ
1667 856 1734 904 τὴν
1755 857 1875 905 ὀσμὴν

251 922 448 970 νομιστέον
478 918 606 972 ὥσπερ
628 920 692 959 καὶ
711 922 781 969 τὴν
806 916 926 969 ἀκοὴν
956 919 1025 959 οὐκ
1063 920 1107 958 ἄν
1138 934 1231 958 ποτε
1264 916 1386 965 πάθος
1415 918 1524 958 οὐθὲν
1563 918 1812 972 ἐργάσασθαι,
1845 919 1874 960 εὶ

253 987 303 1034 μὴ
334 987 444 1037 ὄγκοι
466 989 566 1032 τινες
588 983 683 1034 ἦσαν
706 980 780 1024 ἀπὸ
808 988 874 1024 τοῦ
901 982 1133 1037 πράγματος
1158 981 1441 1036 ἀποφερόμενοι
1467 985 1680 1036 σύμμετροι
1706 988 1803 1037 προς
1831 985 1872 1024 τὸ

250 1050 359 1089 τοὺτο
388 1054 429 1089 το
451 1048 696 1102 αἰσθητήριον
724 1057 858 1097 κινεῖν,
890 1052 921 1089 οἱ
952 1049 1019 1098 μὲν
1047 1056 1145 1088 τοῖοι
1165 1051 1466 1101 τεταραγμένως
1482 1049 1546 1088 καὶ
1570 1046 1806 1101 ἀλλοτρίως,
1842 1053 1875 1089 οἱ

250 1116 290 1154 δὲ
315 1122 409 1154 τοῖοι
431 1113 637 1167 ἀταράχως
665 1114 727 1153 καὶ
755 1112 906 1161 οἰκείως
926 1116 1086 1167 ἔχοντες
1114 1128 1151 1151 ».

310 1175 395 1219 675
428 1176 589 1217 fluat...
612 1176 774 1216 fluctus
796 1174 878 1222 τρί’.
900 1175 1071 1216 Ennius
1088 1174 1231 1228 Ann.,
1255 1173 1338 1216 173
1360 1193 1379 1213 «
1474 1174 1675 1230 lenisluit
1697 1177 1874 1231 aymine

250 1243 421 1296 flumen
451 1258 490 1291 »,
518 1244 619 1282 etv.
645 1238 746 1282 218.

310 1305 396 1348 678
428 1305 659 1347 dissimilis
680 1309 862 1362 propter
885 1304 1051 1346 formas
1077 1318 1085 1347 :
1116 1304 1172 1346 cf.
1204 1304 1260 1356 ΙΙ,
1289 1304 1372 1346 414
1408 1322 1428 1343 «
1463 1306 1561 1346 Neu
1586 1306 1724 1347 simili
1743 1321 1875 1362 pene-

254 1376 374 1411 trare
395 1376 526 1425 putes
555 1371 807 1426 primordia
849 1374 998 1426 forma
1040 1370 1093 1411 In
1136 1371 1260 1411 naris
1300 1370 1551 1424 hominum,
1597 1386 1698 1411 eum
1735 1377 1876 1413 taetra

253 1436 472 1477 cadauera
504 1441 692 1487 torrent,
719 1440 761 1476 et
791 1451 890 1477 cum
924 1450 1049 1476 scena
1088 1450 1211 1477 croco
1246 1435 1377 1476 Cilici
1402 1438 1593 1491 perfusa
1621 1451 1768 1477 reeens
1795 1443 1873 1489 est,

252 1500 433 1556 Araque
460 1501 713 1542 Panchaeos
738 1500 919 1542 exhalat
938 1506 1126 1555 propter
1146 1501 1298 1541 odores
1326 1518 1364 1542 ».

309 1566 395 1609 680
427 1566 609 1608 uolturii
631 1579 639 1609 :
661 1565 843 1607 doublet
861 1565 1097 1622 archa'ique
1125 1565 1178 1606 de
1200 1566 1372 1617 uoltum
1395 1565 1567 1606 Ennius
1585 1566 1726 1615 Ann.,
1754 1566 1835 1608 138
1852 1583 1876 1609 a

251 1631 500 1687 egalement
523 1631 745 1673 uolturus.

308 1696 390 1739 681
421 1711 584 1737 canum
597 1696 667 1737 uis
686 1716 745 1731 Ξ
762 1710 910 1748 canes;
932 1695 1191 1752 periphrase
1207 1695 1266 1737 du
1287 1700 1394 1752 type
1416 1696 1692 1752 home'rique‚
1714 1696 1769 1738 ef.
1790 1696 1872 1738 987

250 1764 293 1802 et
319 1766 446 1813 note;
472 1760 556 1803 998
593 1779 613 1800 «
646 1762 901 1803 catulorum
936 1761 1104 1802 blanda
1134 1776 1336 1816 propaqo
1375 1779 1395 1799 »
1427 1781 1484 1796 2:
1522 1761 1679 1803 blandi
1711 1763 1870 1813 catuli3

251 1826 375 1882 Virg.
403 1827 518 1869 Aen.
548 1826 624 1878 IV,
650 1826 731 1868 132
756 1844 776 1864 «
804 1827 937 1868 odora
963 1841 1125 1867 eanum
1154 1826 1220 1866 uis
1246 1844 1283 1867 ».

309 1891 394 1934 683
427 1891 539 1932 Vers
561 1891 693 1933 d’une
711 1891 827 1933 belle
848 1891 988 1933 allure
1015 1890 1190 1948 epique.

308 1955 680 1998 Romulidarum:
711 1956 764 1997 de
789 1959 932 1998 meme
962 1956 1323 2011 Graiuqenarum
1349 1956 1382 2007 Ι,
1418 1955 1519 2009 477,
1553 1957 1666 1997 mais
1704 1956 1874 1998 Aenea-

249 2021 357 2062 dum
380 2021 414 2072 I,
444 2021 488 2073 1;
515 2020 569 2064 cf.
599 2021 682 2063 586
710 2026 754 2063 et
780 2025 899 2064 note.

307 2086 393 2129 686
427 2082 494 2129 ΕΓ.
524 2086 599 2138 VI,
639 2085 724 2128 970
758 2102 856 2143 sqq.
899 2104 919 2124 «
959 2087 1231 2142 Barbiqeras
1270 2086 1457 2127 oleaster·
1489 2101 1536 2128 eo
1573 2087 1699 2128 iuuat
1737 2101 1875 2145 usque

248 2151 453 2206 capellas,
483 2152 658 2206 Effluat
689 2152 937 2192 ambrosiae
970 2153 1101 2209 quasi
1137 2167 1241 2192 uero
1274 2157 1315 2192 et
1347 2151 1528 2192 nectari'
1565 2151 1746 2205 linctus,
1778 2152 1874 2200 Qua

249 2216 365 2256 nihil
387 2222 449 2257 esl
479 2216 651 2257 homini
676 2218 798 2272 quod
818 2216 1009 2258 amariu'
1041 2217 1254 2272 frondeat
1282 2231 1392 2258 esca.
1431 2216 1632 2272 Denique
1664 2217 1873 2258 amarici-

250 2296 359 2321 num
392 2282 568 2336 fuyitat
600 2296 674 2322 sus
709 2288 751 2322 et
789 2282 915 2322 timet
954 2296 1082 2322 omne
1129 2281 1418 2336 anuentum
1452 2296 1467 2324 :
1502 2297 1605 2322 nam
1645 2283 1876 2337 saetiqeris

247 2346 387 2387 subus
414 2361 515 2387 acre
544 2361 765 2387 uenenum
790 2353 867 2398 est,
898 2346 1025 2395 Quod
1053 2361 1128 2388 nos
1157 2347 1386 2388 interdum
1418 2353 1652 2404 tamquam
1678 2362 1874 2388 recreare

250 2411 446 2453 uidetur.
471 2411 529 2452 At
556 2416 711 2452 contra
745 2412 872 2452 nobis
895 2427 1080 2453 caenum
1111 2412 1367 2453 taeterrima
1397 2427 1499 2453 cum
1525 2412 1583 2453 sit
1610 2412 1870 2469 Spin-eities‚

247 2476 399 2516 eadem
422 2476 560 2517 subus
590 2477 695 2517 haec
712 2476 913 2518 'iucunda
941 2477 1137 2529 uidetur,
1162 2477 1488 2518 Insatiabiliter
1509 2478 1590 2518 toti
1618 2484 1665 2518 ut
1688 2478 1875 2519 uoluan-

249 2545 326 2582 lut·
345 2541 510 2582 ibidem
539 2558 579 2583 ».

306 2605 389 2649 687
425 2606 812 2663 Developpement
851 2606 1070 2663 analogue
1105 2607 1160 2659 ΙΙ,
1199 2607 1282 2648 683
1317 2623 1416 2665 sqq.
1458 2621 1467 2650 :
1511 2626 1531 2646 «
1568 2608 1714 2649 Nidor
1755 2609 1869 2649 enim

240 2677 451 2729 penetrat
478 2685 566 2728 qua
591 2686 721 2712 sucus
745 2687 831 2712 non
860 2672 893 2713 it
915 2673 960 2713 in
986 2678 1114 2713 artus
1129 2687 1147 2725 ,·
1167 2673 1309 2714 Sucus
1337 2674 1441 2714 item
1471 2688 1662 2724 sorsum,
1697 2688 1867 2714 sol-sum

246 2750 378 2790 sapor·
404 2735 664 2777 insinuatur
686 2736 916 2787 Sensibus,
947 2744 995 2778 ut
1022 2752 1172 2778 noscas
1193 2738 1358 2793 primis
1384 2738 1568 2792 differre
1587 2738 1750 2793 fissuris
1772 2757 1809 2779 ».

303 2799 375 2840 hic
406 2813 414 2842 :
442 2804 569 2841 noter
593 2800 947 2856 l’allongement,
971 2801 1026 2844 cf.
1053 2801 1225 2843 Ernout
1252 2802 1496 2858 Morphol.‚
1519 2804 1540 2857 ξ
1565 2802 1661 2843 ¹112.

306 2864 392 2907 688
424 2864 653 2919 permitti:
679 2881 781 2907 sens
809 2866 1143 2922 etymologique
1173 2884 1193 2904 «
1222 2869 1313 2908 etre
1341 2871 1510 2922 envoye'
1532 2871 1555 2907 ἐι
1579 2872 1751 2908 travers
1772 2866 1873 2908 l'es-

251 2944 359 2985 pace
384 2944 428 2981 »3
456 2928 510 2971 ef.
534 2930 774 2984 promissa,
807 2947 850 2974 v.
881 2930 981 2973 681.

306 2993 393 3035 alio
402 3028 488 3036 .....
522 2994 633 3035 alter
663 3006 671 3036 :
699 2995 888 3036 absence
915 2995 968 3037 de
1004 2995 1320 3052 parassfflisme,
1348 3011 1519 3037 comme
1552 2996 1664 3037 dans
1695 2997 1749 3048 V,
1787 2995 1870 3037 835

255 3075 274 3096 «
294 3073 346 3099 ex
366 3058 453 3099 alio
471 3066 638 3100 terram
654 3066 797 3101 status
817 3062 975 3116 accipit
997 3061 1111 3102 allel·
1132 3080 1152 3099 »
1168 3075 1176 3107 2
1195 3060 1251 3103 cs.
1277 3061 1374 3102 771.
1396 3060 1634 3102 D⁷ailleurs
1655 3061 1693 3102 la
1711 3061 1871 3117 phrase
