2242 3595
366 230 418 272 40
510 245 547 274 T.
586 243 756 273 meam
791 241 897 269 (xxm.
935 251 992 257 —
1020 240 1070 267 DE
1105 240 1246 267 effluxu
1279 239 1461 267 NA'rvnA.
1493 239 1612 267 LIBER
1645 239 1837 274 QVARTVS

539 356 650 398 quae
678 341 764 381 sita
787 343 891 380 sunt
915 338 959 379 in
986 337 1099 392 luce,
1124 337 1442 395 lacessuntque
1461 342 1512 379 ut
1537 336 1770 380 uideamus
1798 350 1807 380 z
1877 336 1999 395 [322]

537 406 656 463 quod
677 408 830 446 contra
855 404 997 445 facere
1018 403 1063 444 in
1084 403 1281 445 tenebris
1304 418 1326 444 e
1352 402 1451 445 luce
1468 403 1708 461 nequimus

541 474 777 527 propterea
797 469 900 526 quia
927 469 1146 525 posterior
1169 468 1373 525 caliginis
1397 483 1472 510 aer

542 536 731 577 crassior
757 535 1024 592 insequitur,
1052 535 1127 592 qui
1154 539 1315 576 cuncta
1336 533 1555 575 foramina
1580 533 1790 590 complet,
1916 531 1999 574 350

543 601 798 659 obsiditque
818 600 915 642 uias
940 600 1188 652 oculorum,
1218 615 1273 641 ne
1301 598 1541 641 simulacra

544 666 719 723 possint
742 666 936 708 ullarum
964 680 1112 707 rerum
1135 664 1334 707 coniecta
1363 679 1558 706 mouere.

546 731 885 788 Quadratasque
909 731 1064 787 procul
1085 730 1220 772 turris
1244 744 1345 772 cum
1367 729 1590 771 cernimus
1610 728 1751 780 urbis,

544 802 778 853 propterea
801 796 850 838 fit
872 796 939 837 uti
961 796 1200 838 uideantur
1228 810 1358 851 saepe
1383 794 1618 847 rotundae,
1860 849 1862 851 ι

545 862 738 918 angulus
756 866 945 918 optusus
970 860 1074 917 quia
1100 860 1233 917 longe
1255 860 1450 902 cernitur
1474 858 1639 911 omnis,
1912 857 1996 899 355

546 927 641 968 siue
669 927 804 968 etiam
829 926 977 982 potius
1007 941 1094 967 non
1116 926 1313 967 cernitur
1336 940 1385 966 ac
1412 924 1526 981 perit
1547 924 1643 965 eius

546 991 693 1050 plaga,
714 1007 794 1033 nec
818 991 870 1032 ad
894 997 1072 1033 nostras
1097 991 1215 1033 acies
1243 989 1487 1047 perlabitur
1510 989 1642 1038 ictus,

546 1072 646 1098 aera
669 1072 747 1113 per
771 1056 965 1099 multum
992 1056 1096 1113 quia
1121 1057 1228 1097 dum
1253 1055 1491 1097 simulacra
1512 1053 1733 1105 feruntur,

549 1122 669 1178 cogit
693 1121 928 1164 hebescere
953 1137 1055 1163 eum
1080 1121 1247 1163 crebris
1275 1119 1519 1162 offensibus
1544 1134 1631 1162 aer.

551 1187 648 1229 Hoc
669 1187 745 1228 ubi
768 1187 955 1243 suffugit
982 1202 1162 1228 sensum
1192 1185 1324 1228 simul
1349 1185 1541 1243 angulus
1569 1183 1731 1237 omnis,
1844 1207 1848 1209 ‡
1923 1181 2007 1224 360

550 1252 601 1293 fit.
625 1252 752 1309 quasi
775 1257 825 1294 ut
846 1253 902 1294 ad
923 1257 1102 1294 tornum
1127 1267 1338 1293 saxorum
1363 1255 1533 1293 structa
1556 1253 1758 1291 terantur
1781 1260 1790 1290 ζ

552 1333 641 1359 non
665 1323 816 1359 tamen
840 1322 890 1359 ut
914 1332 1062 1359 coram
1087 1332 1200 1375 quae
1225 1322 1330 1358 sunt
1357 1330 1550 1373 uereque
1575 1314 1781 1366 rotunda,

552 1382 630 1424 sed
659 1383 787 1440 quasi
808 1381 1108 1425 adumbratim
1137 1383 1321 1438 paulum
1343 1381 1552 1423 simulata
1573 1379 1799 1422 uidentur.

552 1447 719 1489 Vmbra
745 1448 926 1490 uidetur
948 1448 1056 1490 item
1084 1447 1214 1489 nobis
1240 1447 1286 1489 in
1307 1447 1400 1488 sole
1424 1445 1597 1487 moueri

552 1517 596 1555 et
621 1513 813 1569 uestigia
840 1519 993 1555 nostra
1015 1513 1142 1570 sequi
1165 1516 1432 1569 gestumque
1454 1510 1618 1553 imitari
1638 1527 1649 1564 ;
1922 1507 2005 1550 365

553 1593 652 1620 aera
680 1579 718 1620 si
745 1579 888 1620 credis
909 1579 1134 1635 priuatum
1162 1578 1331 1620 lumine
1355 1591 1488 1634 posse

554 1643 807 1700 indugredi,
832 1648 981 1685 motus
1010 1644 1243 1685 hominum
1270 1647 1538 1700 gestumque
1566 1644 1829 1698 sequentem
1855 1652 1863 1683 2

554 1724 656 1750 nam
685 1708 749 1751 nil
776 1724 873 1751 esse
898 1713 1048 1765 potest
1075 1708 1196 1751 aliud
1217 1708 1303 1750 nisi
1324 1707 1494 1750 lumine
1516 1721 1670 1748 cassus

555 1789 628 1815 aer
651 1773 695 1815 id
716 1774 836 1832 quod
863 1789 944 1815 nos
970 1773 1174 1815 umbram
1201 1772 1435 1830 perhibere
1461 1786 1659 1814 suemus.

555 1838 779 1881 Nimirum
800 1839 903 1896 quia
931 1844 1044 1881 terra
1064 1839 1174 1881 locis
1202 1854 1257 1881 ex
1281 1838 1436 1880 ordine
1459 1836 1591 1879 certis
1925 1833 2010 1875 370

553 1904 721 1946 lumine
750 1905 952 1961 priuatur
976 1905 1085 1946 solis
1107 1918 1389 1962 quacumque
1411 1908 1613 1945 meantes

557 1969 792 2022 efficimus,
818 1969 1016 2026 repletur
1035 1970 1143 2012 item
1164 1969 1284 2027 quod
1307 1968 1521 2026 liquimus
1548 1967 1659 2019 eius,

557 2040 790 2092 propterea
817 2036 866 2077 fit
886 2035 952 2076 uti
974 2034 1196 2086 uideatur,
1221 2050 1335 2092 quae
1357 2033 1441 2075 fuit
1465 2031 1625 2075 umbra

558 2100 771 2156 corporis,
796 2115 817 2140 e
843 2099 1022 2155 regione
1049 2099 1204 2141 eadem
1230 2114 1313 2141 nos
1340 2113 1483 2156 usque
1505 2101 1672 2139 secuta.

561 2164 746 2222 Semper
773 2165 891 2206 enim
920 2179 1033 2205 noua
1058 2180 1104 2206 se
1126 2165 1351 2206 radiorum
1379 2163 1549 2205 lumina
1577 2161 1785 2214 fundunt,
1929 2160 2013 2202 375

560 2230 792 2287 primaque
819 2230 1094 2287 dispereunt,
1120 2230 1247 2287 quasi
1271 2230 1315 2271 in
1344 2229 1493 2285 ignem
1515 2227 1616 2270 lana
1640 2228 1857 2270 trahatur.

559 2295 801 2353 Propterea
829 2294 958 2337 facile
985 2298 1029 2335 et
1056 2295 1274 2351 spoliatur
1300 2294 1469 2336 lumine
1496 2298 1628 2345 terra,

561 2366 603 2403 et
630 2361 827 2417 repletur
853 2361 961 2403 item
990 2361 1229 2417 nigrasque
1254 2360 1338 2401 sibi
1365 2359 1506 2401 abluit
1526 2357 1725 2401 umbras.

621 2425 714 2468 Nec
742 2431 890 2468 tamen
913 2426 984 2468 hic
1006 2426 1160 2468 oculos
1187 2425 1283 2467 falli
1308 2425 1595 2467 concedimus
1619 2422 1776 2465 hilum.

562 2491 677 2532 Nam
700 2507 981 2548 quocumque
1003 2492 1099 2533 loco
1128 2491 1186 2533 sit
1209 2490 1286 2532 lux
1315 2495 1448 2547 atque
1467 2488 1627 2532 umbra
1650 2488 1764 2530 tueri
1933 2486 2016 2529 380

563 2556 741 2597 illorum
770 2562 837 2598 est
859 2571 866 2601 z
892 2557 1046 2598 eadem
1068 2572 1173 2598 uero
1202 2556 1290 2597 sint
1312 2555 1482 2597 lumina
1505 2569 1659 2600 necne,

562 2621 809 2678 umbraque
833 2637 945 2678 quae
970 2621 1053 2664 fuit
1072 2621 1141 2663 hic
1160 2621 1315 2663 eadem
1341 2635 1456 2662 nunc
1476 2624 1674 2662 transeat
1696 2618 1816 2670 illuc,

429 2807 484 2834 351
506 2814 573 2844 quc
601 2805 677 2834 uias
697 2804 722 2839 Q
744 2813 839 2835 corr.
861 2814 866 2835 :
892 2805 974 2844 quia
991 2804 1046 2840 OQ
1132 2807 1190 2834 352
1209 2804 1372 2834 coniecta
1399 2802 1487 2834 Marx
1513 2812 1518 2832 :
1538 2805 1703 2833 contecta
1723 2801 1927 2841 (mese-¹17,
1946 2803 2017 2837 909,

387 2854 457 2887 9825,
488 2854 574 2888 1061,
605 2854 683 2881 1156
703 2852 728 2891 (t
749 2861 817 2891 pro
840 2852 885 2890 i),
911 2854 981 2888 368,
1016 2853 1066 2881 '117
1088 2852 1110 2891 (i
1135 2861 1203 2891 pro
1233 2853 1256 2881 ts
1345 2859 1489 2880 mouerev
1516 2849 1691 2889 Bentley:
1717 2848 1856 2879 moueri
1879 2847 1935 2884 OQ

388 2900 445 2927 :3235
479 2898 632 2928 obtusus
651 2899 676 2933 Q
695 2907 789 2929 corr.
815 2908 820 2928 :
851 2901 1001 2938 optutus
1023 2898 1078 2935 04)
1165 2901 1221 2928 357
1249 2897 1350 2938 plaga
1379 2897 1435 2934 OQ
1458 2906 1553 2927 corr.
1576 2906 1581 2927 2
1602 2897 1725 2936 plagas
1742 2895 1797 2932 OQ
1882 2895 1976 2925 acies
1993 2894 2019 2931 Q

387 2954 498 2975 corr.:
520 2948 595 2975 ates
615 2946 670 2981 Oc.)
757 2945 956 2985 perlabitur
976 2945 1095 2976 Lami).
1109 2955 1114 2975 :
1129 2945 1327 2975 ‹leriabitur
1339 2944 1395 2980 OQ
1481 2947 1535 2973 361
1556 2946 1700 2975 turnum
1712 2943 1769 2980 OQ
1854 2943 2019 2973 terantur

388 2994 533 3023 Munr.:
569 2996 716 3023 tuantur
739 2994 795 3029 OQ
827 3004 832 3024 τ
866 2996 1008 3023 manun-
1034 2993 1174 3024 Lachm.
1262 2995 1319 3021 368
1348 2991 1443 3021 aliud
1469 2991 1537 3021 uisi
1565 2993 1590 3021 O
1624 3000 1717 3022 corr.
1746 3000 1752 3021 ἰ
1784 2989 1868 3020 aliui
1902 2988 1972 3019 nisi
1991 2987 2017 3018 Ο

389 3040 509 3068 alimini
530 3040 555 3074 Q
579 3040 673 3069 aliud
693 3050 797 3080 quam
818 3043 843 3077 Q
864 3050 956 3070 corr.
1046 3043 1104 3069 :378
1131 3039 1245 3069 abluit
1263 3038 1372 3069 editio
1411 3038 1622 3069 Veronensis
1649 3048 1655 3069 :
1682 3037 1796 3068 adluit
1815 3036 1872 3073 OQ
1957 3038 2016 3065 3⁸2

391 3087 512 3116 umbra
534 3098 693 3129 ‹jum-qm·
718 3090 774 3122 (w
1663 3088 1666 3091 ”
