2242 3595
382 259 436 302 86
540 273 579 301 T.
617 270 805 300 chnaw.
835 267 928 296 011111
955 278 1011 284 —-
1044 265 1096 295 DE
1128 265 1270 294 RERVM
1303 262 1487 292 NATURA.
1518 262 1636 291 LIBER
1667 260 1860 296 QVARTVS

379 370 732 432 praetermittere
756 371 927 417 <01>
955 364 1164 408 humanis
1188 363 1429 406 concedere
1455 362 1603 406 rebus.

438 438 526 479 Nec
540 433 711 479 mulier
731 447 905 504 semper
927 431 1029 473 ficto
1054 429 1251 487 suspirat
1277 443 1443 481 amore,

381 517 493 560 quae
516 499 749 556 complexa
775 497 859 539 uiri
877 511 1037 552 corpus
1061 510 1163 537 cum
1187 509 1369 550 corpore
1396 493 1542 550 iungit

381 572 425 609 et
449 570 570 609 tenet
597 563 796 607 adsuctis
823 565 1056 603 umectans
1080 560 1231 602 oscula
1251 558 1403 601 labris.

382 633 498 675 Nam
520 630 625 672 facit
650 644 705 671 ex
731 628 879 670 animo
907 641 1054 683 saepe,
1082 630 1125 668 et
1150 624 1406 667 communia
1427 637 1646 680 quaerens
1894 621 2007 665 1195

381 696 543 755 gaudia
571 694 784 737 sollicitat
808 692 1004 750 spatium
1032 691 1265 733 decurrere
1286 688 1466 731 amoris.

383 763 474 805 Nec
499 760 669 803 ratione
691 758 778 801 alia
802 757 1008 800 1101110105
1037 760 1237 798 armenta
1256 755 1460 812 feraeque

381 833 426 870 et
449 826 641 883 pecudes
669 829 712 867 et
733 838 872 881 equae
895 821 1091 863 maribus
1119 820 1347 862 subsidere
1371 824 1572 876 possent,

382 892 419 934 si
443 907 548 944 non,
571 891 663 948 ipsa
694 889 813 947 quod
845 888 1025 929 illarum
1047 885 1178 928 subat
1202 885 1328 927 ardet
1354 884 1586 926 abundans

380 962 554 1009 natura,
580 960 623 997 et
650 956 870 997 Venerem
897 952 1138 994 salientum
1159 951 1271 992 laeta
1295 954 1520 992 retractat.
1896 948 2008 992 1200

381 1022 542 1064 Nonne
567 1021 693 1063 uides
718 1020 852 1062 etiam
876 1033 988 1076 quos
1015 1021 1171 1059 mutua
1199 1031 1330 1073 saepe
1354 1015 1566 1071 uoluptas

379 1087 542 1140 uinxit,
569 1092 619 1129 ut
642 1086 687 1128 in
713 1084 878 1127 uinclis
900 1081 1216 1125 communibus
1244 1080 1588 1123 excrucientur?

381 1153 431 1195 In
456 1152 600 1195 triuiis
627 1166 762 1208 quam
784 1165 915 1206 saepe
937 1163 1084 1200 canes,
1113 1147 1340 1190 discedere
1368 1151 1567 1199 auentes,

381 1218 547 1260 diuersi
570 1216 729 1274 cupide
751 1215 938 1257 summis
966 1229 1022 1255 ex
1045 1211 1206 1254 uiribu'
1228 1212 1435 1264 tendunt,
1858 1211 2008 1268 [1210]

381 1299 484 1325 011111
509 1283 677 1324 interea
699 1280 861 1323 ualidis
882 1278 1069 1321 Veneris
1091 1277 1385 1334 compagibus
1407 1277 1614 1318 haerent!
1712 1276 1824 1318 1205
1858 1275 2008 1333 [1204]

381 1348 511 1400 Quod
537 1347 735 1389 facerent
761 1360 1006 1402 numquam
1028 1343 1115 1385 nisi
1141 1347 1297 1384 mutua
1322 1341 1484 1398 gaudia
1508 1346 1699 1384 nossent
1857 1340 2008 1398 [1205]

380 1429 493 1471 quae
521 1413 663 1455 iacere
691 1412 736 1453 in
764 1411 967 1452 fraudem
1000 1412 1185 1466 possent
1208 1408 1476 1464 uinctosque
1496 1411 1661 1449 tenere.
1857 1405 2008 1463 [1206]

381 1480 526 1532 Quare
543 1478 675 1520 etiam
703 1482 835 1534 atque
853 1476 1004 1528 etiam,
1027 1480 1079 1517 ut
1099 1474 1214 1525 dico,
1247 1477 1315 1514 est
1338 1471 1579 1514 communi'
1605 1471 1830 1528 uoluptas.
1859 1470 2007 1529 [1207]

439 1544 496 1586 Ε1
520 1542 852 1586 commiscendo
880 1556 982 1583 cum
1010 1539 1179 1582 semine
1208 1509 1319 1580 'forte
1343 1537 1520 1579 uirilem
1858 1535 2008 1594 [1208]

379 1610 545 1653 {emina
567 1608 661 1651 uim
687 1608 796 1651 uicit
823 1606 971 1648 subita
997 1605 1043 1647 ui
1071 1603 1391 1661 corripuitque,
1707 1601 1819 1645 1210
1854 1601 2002 1660 [1209]

378 1681 476 1718 tum
504 1674 673 1717 similes
700 1678 897 1715 matrum
918 1676 1121 1713 materno
1149 1669 1318 1711 semine
1343 1669 1471 1721 fiunt,

379 1746 430 1784 ut
455 1739 659 1798 patribus
685 1738 845 1796 patrio.
883 1737 971 1780 Sed
995 1750 1106 1794 quos
1129 1734 1364 1792 utriusque
1389 1733 1556 1791 figurae

380 1822 479 1849 esse
505 1805 648 1858 uides,
672 1803 834 1846 iuxtim
861 1801 1095 1844 miscentis
1122 1800 1245 1843 uolta
1272 1804 1523 1857 parentum,

380 1886 563 1929 corpore
588 1870 642 1912 de
663 1868 807 1927 patrio
835 1873 880 1911 et
912 1872 1114 1909 materno
1139 1865 1359 1923 sanguine
1386 1868 1609 1917 crescunt,

380 1937 551 1980 semina
575 1951 676 1978 cum
699 1934 886 1976 Veneris
908 1932 1102 1975 stimulis
1124 1932 1269 1974 excita
1295 1946 1374 1988 per
1394 1934 1517 1972 artus
1895 1927 2008 1970 1215

380 2002 512 2045 obuia
534 2000 735 2044 conflixit
758 1999 1018 2056 conspirans
1046 2002 1230 2040 mutuus
1255 1996 1401 2049 ardor,

380 2074 423 2111 et
447 2082 591 2125 neque
614 2071 766 2109 utrum
795 2064 1026 2122 superauit
1049 2078 1202 2105 eorum
1227 2077 1307 2104 nec
1331 2064 1651 2118 superatumst.

380 2133 452 2176 Fit
476 2147 652 2191 quoque
669 2136 720 2174 ut
742 2131 968 2173 interdum
995 2129 1164 2171 similes
1189 2128 1402 2170 exsistere
1423 2140 1609 2168 auorum

379 2199 570 2256 possint,
601 2202 645 2240 et
670 2196 867 2240 referant
893 2210 1162 2253 proauorum
1184 2208 1315 2251 saepe
1338 2193 1522 2249 figuras,

379 2269 615 2323 propterea
641 2263 743 2321 quia
765 2262 907 2304 multa
934 2261 1080 2303 modis
1102 2259 1345 2317 primordia
1370 2257 1525 2300 multis
1897 2255 2009 2299 1220

380 2331 520 2373 mixta
544 2345 623 2371 suo
652 2328 800 2371 celant
825 2329 871 2369 in
898 2342 1081 2384 corpore
1104 2341 1236 2384 saepe
1256 2329 1479 2383 parentes,

381 2412 494 2454 quae
516 2394 716 2453 patribus
736 2398 886 2451 patres
907 2392 1091 2435 tradunt
1115 2391 1170 2434 ab
1198 2391 1337 2449 stirpe
1360 2390 1558 2448 profecta
1578 2406 1586 2446 ;

380 2462 483 2504 inde
501 2461 653 2502 Venus
674 2459 795 2501 uaria
821 2458 1027 2515 producit
1047 2462 1166 2500 sorte
1192 2457 1358 2513 figuras

382 2527 688 2582 maiorumque
713 2524 846 2566 refert
871 2523 1024 2565 uoltus
1046 2538 1271 2580 uocesque
1298 2537 1563 2579 comasque3

381 2590 744 2650 quandoquidem
767 2590 857 2631 nilo
884 2589 1031 2630 minus
1052 2589 1159 2630 haec
1188 2588 1241 2630 de
1266 2587 1435 2630 semine
1463 2593 1582 2630 certo
1895 2589 2007 2631 1225

380 2658 495 2699 1111111
519 2671 653 2714 quam
676 2656 809 2698 facies
834 2659 877 2697 et
897 2669 1083 2710 corpora
1106 2653 1395 2711 membraque
1417 2652 1561 2696 nobis.

422 2796 498 2823 1191
520 2795 555 2823 et
571 2791 652 2822 add.
672 2791 758 2822 Mar.
872 2793 952 2820 1199
979 2790 1120 2820 illarum
1155 2788 1431 2820 Winckelmann
1458 2788 1577 2830 Briefl.
1602 2789 1716 2821 Giuss.
1745 2799 1751 2820 :
1781 2789 1924 2821 illorum
1952 2791 2011 2829 OQ

379 2840 522 2871 Lachm.
543 2840 661 2871 Munr.
709 2841 787 2868 1200
806 2838 995 2869 salientum
1013 2836 1197 2868 Mar.Als1.
1217 2839 1230 2866 rl
1250 2837 1350 2868 Junt.
1368 2845 1373 2866 :
1395 2836 1585 2867 sallentum
1601 2837 1659 2874 OQ
1674 2839 1846 2868 retractat
1860 2837 1981 2870 Lamb.
2001 2847 2008 2869 ε

379 2889 578 2919 retractant
599 2888 656 2923 OQ
743 2890 821 2916 1202
849 2885 965 2916 uinxit
983 2886 1008 2915 O
1027 2895 1119 2916 corr.
1140 2885 1254 2916 :uixit
1275 2885 1332 2922 OQ
1353 2884 1479 2915 uinclis
1492 2884 1578 2915 Mar.
1595 2884 1677 2916 ΑΜ.
1698 2887 1712 2914 4
1731 2885 1832 2916 Junl.
1855 2894 1861 2915 :
1881 2886 2011 2916 uincisi

380 2937 437 2973 OQ
524 2939 603 2965 1203
622 2944 727 2975 quam
739 2935 881 2965 Lachm.
904 2943 909 2964 :
929 2944 1009 2964 cum
1026 2934 1083 2971 OQ
1170 2932 1462 2963 1204-12101211710
1482 2942 1654 2963 uersuum
1669 2932 1833 2963 ordinem
1852 2933 2010 2965 restituit

381 2984 537 3024 Nauyer.
626 2986 704 3013 1209
723 2982 862 3013 uirilem
883 2982 1004 3012 Bruno
1024 2991 1030 3012 2
1051 2981 1145 3011 uirili
1164 2980 1221 3017 OQ
1308 2983 1385 3010 1210
1404 2980 1475 3010 uim
1495 2980 1581 3011 uicit
1597 2980 1792 3011 Salmasius
1812 2980 1905 3010 :uim
1921 2981 2010 3012 ulcit

381 3032 405 3059 f)
424 3031 475 3061 :ui
495 3030 617 3061 mulcit
635 3032 659 3067 Q
735 3033 812 3060 1212
829 3029 989 3070 patribus
1007 3030 1033 3066 Q
1050 3038 1145 3059 corr.
1163 3038 1169 3059 :
1187 3028 1350 3068 partibus
1370 3028 1427 3064 OQ
1502 3031 1580 3058 1220
1596 3029 1706 3058 multa
1725 3027 1841 3058 modis
1856 3027 1979 3060 Lamb.
1999 3037 2007 3060 τ

380 3078 600 3109 multimodis
623 3076 679 3113 OQ
724 3081 802 3108 1222
824 3077 867 3107 ab
888 3077 1017 3108 Lachm
1038 3086 1042 3106 :
1063 3088 1082 3107 a
1101 3076 1157 3110 ΘΟ
1244 3079 1321 3105 1225
1341 3075 1457 3105 minus
1475 3075 1594 3106 Lamb.
1611 3085 1617 3106 :
1637 3075 1748 3116 magis
1764 3075 1821 3112 OQ
1866 3075 1908 3106 de
1923 3075 2006 3106 add.

383 3125 445 3156 cst
