2242 3595
381 232 426 272 'il
518 247 554 276 T.
591 246 762 274 chfzssri
798 245 904 274 cmii.
940 257 996 262 —
1025 246 1075 273 DE
1109 245 1248 273 manvu
1285 246 1464 274 NATvnA.
1497 247 1616 275 Lmen
1649 247 1840 281 QVARTVS

577 358 759 400 corpora
782 343 982 385 mirande
1010 343 1093 385 sub
1118 349 1258 386 terras
1284 343 1435 386 abdita
1462 344 1600 386 caelo.

578 408 779 464 Denique
806 408 882 449 ubi
905 408 950 450 in
977 409 1124 450 medio
1155 409 1284 451 nobis
1305 424 1410 451 ecus
1437 424 1535 451 acer
1560 409 1765 452 obhaesit
1916 409 1999 451 420

576 473 757 514 flumine
775 478 819 514 et
839 473 884 514 in
906 473 1083 530 rapidas
1101 474 1247 516 amnis
1274 474 1562 530 despeximus
1587 474 1746 526 undem,

576 538 860 595 stantis·equi
881 554 1041 595 corpus
1062 544 1369 581 transuersum
1393 538 1506 581 ferre
1529 539 1706 581 uidetur

573 603 643 644 uis
665 608 708 645 et
728 603 773 644 in
794 603 1035 646 aduersum
1061 605 1230 646 flumen
1259 605 1524 646 contrudere
1548 604 1729 661 raptim,

574 673 617 710 et
644 683 926 726 quocumque
955 669 1107 711 oculos
1135 669 1409 722 traiecimus‚
1435 669 1585 711 omnia
1608 669 1711 711 ferri

575 738 619 774 et
642 734 777 775 fluere
801 734 997 776 adsimili
1015 734 1145 776 nobis
1170 735 1340 776 ratione
1360 735 1586 777 uidentur.
1916 733 1999 775 425

578 798 782 840 Porticus
803 800 978 856 aequali
1003 799 1209 856 quamuis
1237 805 1305 842 est
1329 800 1520 858 denique
1542 800 1680 842 ductu

573 867 786 921 stansque
811 864 857 905 in
879 870 1141 921 perpetuum
1166 864 1347 921 paribus
1375 865 1556 907 suffulta
1585 864 1822 916 columnis,

574 927 705 984 longa
734 934 884 970 tamen
912 929 1110 986 parteab
1132 944 1303 971 summe
1331 945 1432 971 cum
1456 934 1550 972 tota
1570 929 1765 984 uidetur,

579 993 796 1049 paulatim
825 994 960 1036 trahit
988 994 1169 1050 angusti
1198 994 1379 1051 fastigia
1405 994 1521 1045 coni,

574 1062 692 1100 tecta
717 1058 812 1100 solo
837 1059 1028 1115 iungens
1051 1064 1185 1116 atque
1207 1059 1354 1100 omnia
1378 1060 1559 1101 dextera
1581 1059 1721 1101 laeuis
1918 1057 2002 1099 430

570 1122 711 1165 donec
735 1124 779 1165 in
807 1124 1047 1166 obscurum
1075 1125 1174 1165 coni
1195 1125 1412 1166 conduxit
1431 1139 1636 1166 acumen.

578 1189 625 1229 ln
649 1188 807 1245 pelago
831 1189 979 1232 nautis
1002 1205 1055 1231 ex
1082 1189 1215 1231 undis
1240 1194 1362 1232 ortus
1383 1190 1428 1231 in
1451 1190 1582 1232 undis

575 1252 642 1293 sol
666 1254 716 1295 fit
739 1254 804 1296 uti
825 1254 1031 1296 uideatur
1054 1254 1177 1296 obire
1204 1260 1248 1297 et
1268 1255 1457 1296 condere
1479 1254 1629 1296 lumen
1649 1269 1657 1307 3

575 1318 738 1375 quippe
756 1319 832 1360 ubi
858 1320 919 1360 nil
939 1319 1059 1361 aliud
1084 1320 1170 1361 nisi
1190 1335 1352 1377 aquam
1373 1320 1635 1376 caelumque
1657 1324 1840 1361 tuentur
1861 1332 1869 1368 ;

577 1397 630 1424 ne
655 1383 815 1426 leuiter
838 1385 992 1426 credas
1019 1384 1277 1426 labefactari
1303 1385 1502 1443 undique
1530 1400 1704 1426 sensus,
1919 1381 1973 1424 43

575 1449 639 1489 At
660 1450 795 1491 maris
817 1450 988 1506 ignaris
1010 1450 1056 1492 in
1083 1456 1216 1508 portu
1233 1451 1391 1492 clauda
1414 1451 1625 1492 uidentur

575 1514 755 1570 nauigia
776 1515 991 1572 aplustris
1019 1515 1171 1558 fractis
1190 1515 1384 1558 obnitier
1409 1516 1555 1558 undae
1579 1530 1586 1558 :

575 1593 680 1620 nam
703 1596 1008 1638 quaecumque
1033 1597 1164 1638 supra
1194 1597 1338 1623 rorem
1361 1582 1466 1623 salis
1493 1581 1611 1623 edita
1633 1595 1735 1637 pars
1760 1584 1828 1621 est

575 1659 815 1699 remorum,
842 1652 964 1688 recta
991 1653 1074 1699 est,
1102 1652 1145 1688 et
1170 1652 1291 1688 recta
1315 1662 1506 1704 superne
1527 1645 1729 1703 guberna
1755 1659 1762 1695 ;

575 1724 687 1766 quae
709 1711 912 1753 demersa
939 1711 1160 1769 liquorem
1187 1712 1371 1764 obeunt,
1392 1711 1579 1754 refracta
1600 1711 1812 1753 uidentur
1919 1707 2003 1751 440

577 1776 723 1817 omnia
745 1777 945 1819 conuerti
967 1792 1232 1834 sursumque
1259 1777 1419 1834 supina
1439 1776 1618 1829 reuerti,

577 1845 621 1881 et
641 1842 803 1883 reflexa
827 1858 964 1898 prope
985 1842 1031 1883 in
1053 1858 1230 1884 summo
1255 1843 1429 1885 fluitare
1454 1843 1642 1900 liquore.

578 1906 782 1963 Raraque
806 1922 885 1963 per
906 1907 1081 1949 caelum
1103 1923 1203 1949 cum
1221 1909 1347 1950 uenti
1367 1907 1521 1949 nubila
1542 1910 1726 1964 portant

578 1975 776 2027 tempore
801 1976 1037 2026 nocturno,
1061 1978 1156 2014 tum
1181 1972 1416 2029 splendida
1438 1973 1567 2028 signa
1589 1971 1799 2013 uidentur

577 2034 716 2077 labier
737 2036 977 2078 aduersum
999 2037 1177 2079 nimbos
1205 2042 1338 2095 atque
1359 2038 1421 2079 ire
1446 2052 1637 2094 superne
1919 2034 2003 2076 445

578 2101 708 2157 longe
737 2101 870 2143 aliam
895 2103 938 2143 in
965 2108 1135 2159 partem
1165 2118 1214 2144 ac
1240 2118 1346 2144 uera
1370 2103 1542 2144 ratione
1570 2102 1790 2143 feruntur.

578 2166 639 2207 At
664 2166 701 2207 si
723 2167 834 2209 forte
854 2168 982 2209 oculo
1004 2183 1164 2210 manus
1185 2168 1263 2209 uni
1286 2168 1464 2209 subdita
1493 2172 1649 2224 supter

575 2232 738 2287 pressit
762 2248 879 2285 eum,
905 2233 1100 2289 quodam
1125 2248 1260 2275 sensu
1283 2234 1332 2275 fit
1354 2233 1421 2275 uti
1440 2232 1678 2275 uideantur

576 2297 723 2338 omnia
747 2313 859 2354 quae
881 2298 1049 2339 tuimur
1070 2298 1163 2340 fieri
1186 2304 1280 2340 tum
1303 2299 1405 2340 bina
1434 2298 1599 2340 tuendo
1625 2312 1632 2340 :

574 2360 678 2402 bina
695 2362 977 2405 lucernarum
1008 2362 1207 2405 florentia
1228 2364 1398 2405 lumina
1425 2363 1635 2415 flammis,
1918 2359 2001 2402 Ι450

577 2426 769 2485 binaque
792 2443 870 2484 per
897 2433 1012 2470 totas
1033 2429 1156 2470 aedis
1180 2429 1408 2483 geminare
1431 2428 1650 2486 supellex,

577 2497 621 2533 et
642 2493 841 2549 duplices
868 2493 1100 2535 hominum
1122 2493 1272 2542 facies,
1295 2499 1338 2536 et
1360 2509 1544 2550 corpora
1568 2493 1687 2537 bina.

580 2558 781 2614 Denique
806 2573 907 2600 cum
932 2559 1057 2600 suaui
1085 2559 1289 2600 deuinxit
1315 2558 1514 2600 membra
1540 2573 1697 2615 sopore

577 2638 776 2670 somnuS,
808 2628 852 2664 et
881 2624 926 2664 in
949 2640 1125 2666 summa
1149 2640 1310 2681 corpus
1335 2625 1449 2666 iacet
1472 2639 1603 2665 omne
1625 2623 1789 2681 quiete.

1979 1398 2003 1423 t)

580 2694 674 2729 tum
694 2688 880 2743 uigilare
905 2694 1055 2731 tamen
1079 2689 1207 2731 nobis
1229 2695 1273 2731 et
1295 2689 1489 2731 membra
1517 2704 1696 2731 mouere
1920 2687 2004 2728 455

419 2858 472 2884 '120
488 2865 570 2885 cens
594 2865 598 2885 2
628 2857 737 2895 equus
766 2858 791 2883 1)
819 2865 921 2885 scens
950 2856 976 2892 Q
1002 2866 1088 2896 equs
1119 2856 1144 2893 Q
1161 2865 1254 2886 corr.
1350 2858 1399 2886 '121
1421 2855 1649 2896 despeximus
1673 2855 1735 2886 131
1757 2865 1762 2886 :
1783 2854 2006 2895 dispcximus

375 2904 431 2938 (ιζ)
524 2904 575 2931 223
605 2902 736 2932 fulmen
772 2903 993 2933 contundere
1017 2905 1041 2938 Q
1142 2905 1198 2933 425
1232 2903 1376 2934 alsimili
1398 2906 1423 2931 (Ι
1451 2905 1477 2934 «ι
1498 2912 1607 2944 snper
1634 2904 1764 2943 rasur.)
1852 2904 1910 2933 436
1927 2904 1961 2932 ab
1980 2901 2006 2938 Q

375 2959 467 2979 ror-r.
488 2959 492 2978 :
516 2960 532 2978 a
560 2950 615 2985 OQ
702 2951 758 2979 ,437
792 2950 917 2979 fractis
938 2949 1001 2979 131
1025 2960 1029 2980 ;
1065 2951 1176 2981 factas
1195 2951 1250 2987 OQ
1337 2951 1450 2980 undae
1475 2950 1615 2981 anhm.
1641 2960 1646 2980 :
1669 2950 1780 2980 undas
1803 2949 1859 2987 OQ
1945 2950 2004 2979 440

374 2997 547 3036 liquorem
572 2996 711 3027 Lac-hm.
735 3007 740 3026 :
760 2996 895 3036 liquor(-
923 2996 979 3033 OQ
1072 3000 1123 3027 'il-'i
1144 2998 1278 3028 labier:
1300 2998 1410 3027 lauim·
1434 2999 1458 3027 l)
1477 2997 1612 3036 laniger
1631 2998 1687 3035 OQ
1779 2999 1831 3027 246
1854 3006 1894 3027 ac
1922 3005 2006 3026 uera

382 3044 475 3072 Voss.
505 3053 510 3072 ς
542 3054 633 3083 aquo
661 3046 686 3073 0
726 3046 832 3084 atquc
859 3044 885 3079 Q
976 3046 1030 3074 '148
1056 3045 1107 3075 uti
1153 3045 1237 3075 Mar.
1270 3054 1275 3074 1
1315 3047 1353 3075 ut
1380 3044 1437 3081 OQ
1530 3047 1581 3074 ἰδ’]
1615 3045 1767 3085 duplicis
1802 3044 1858 3080 OQ
1950 3044 2001 3073 653

372 3090 691 3124 ‹1e11i11x-itoenrr.
715 3101 720 3120 ¹.
743 3091 910 3120 suauislvt,
939 3091 1047 3121 uinxit
1079 3092 1134 3127 HQ
1229 3094 1278 3120 357»
1301 3094 1331 3121 cl
1356 3101 1361 3121 2
1384 3092 1424 3121 :ld
1443 3092 1468 3128 Q
1487 3102 1525 3121 m·
1547 3092 1572 3128 Q
1590 3101 1683 3122 corr.
