2242 3595
333 229 414 273 118
683 231 880 270 1601111613.
918 251 974 257 —-
1007 239 1059 267 DE
1092 237 1146 266 LA
1178 236 1357 265 NATURE.
1393 237 1519 265 lenE
1550 237 1594 266 iv

389 343 473 388 366
507 342 544 383 si
568 340 711 382 credis
736 352 745 382 ε
775 338 963 380 formule
984 336 1256 394 impliquant
1285 335 1548 378 l’absurdite
1578 336 1632 377 de
1658 322 1958 393 l’hypothese,

330 422 501 449 comme
540 405 573 458 I,
604 404 714 446 1057
746 422 765 441 «
803 404 960 460 Ipsum
996 403 1034 443 si
1073 401 1320 460 quicquam
1348 416 1478 456 posse
1531 401 1574 443 in
1607 415 1650 442 se
1683 402 1837 443 sistere
1866 416 1962 443 cre-

329 473 396 513 dis
427 490 464 513 1).

389 537 471 579 367
507 534 743 591 indugredi
770 546 779 576 :
810 533 865 577 cf.
897 531 996 574 318.

390 601 475 644 368
510 600 577 642 Cf.
609 616 652 642 v,
687 598 769 641 128
791 603 835 641 et
862 603 983 640 note.

391 665 476 710 369
508 664 794 722 perhibemus
813 677 821 706 1
844 663 898 706 cf.
919 662 1093 704 Ennius
1113 662 1256 714 Anu„
1283 660 1366 702 148
1384 679 1403 699 «
1425 667 1556 702 uento
1572 676 1706 718 quem
1722 662 1966 717 perhibent

334 731 519 773 Graium
544 745 684 786 qenus
705 744 807 770 aera
828 728 982 784 linqua
1003 746 1041 780 »,
1061 731 1104 769 et
1120 726 1261 780 Ann.,
1287 725 1358 779 23,
1377 725 1478 778 218,
1504 725 1616 778 4Ο9;
1641 726 1738 768 voir
1755 727 1856 783 plus
1873 727 1965 769 loin

331 812 375 839 v.
399 795 498 838 650.

391 861 477 905 370
510 876 563 902 ex
585 861 738 902 ordine
763 874 770 903 :
799 878 818 898 «
842 857 1220 901 successivement
1245 871 1294 909 »3
1319 856 1373 898 cf.
1400 873 1443 899 v.
1469 856 1570 908 574,
1601 856 1701 898 973.

393 926 479 969 372
513 925 580 968 Cf.
606 927 660 978 V,
690 924 772 968 776
792 944 810 963 1(
839 924 991 973 Quoue
1014 923 1143 964 modo
1158 928 1341 977 possent
1363 921 1476 978 (scil.
1502 922 1568 963 sol
1594 928 1636 963 et
1661 921 1785 980 luna)
1812 925 1967 978 offecto

337 991 506 1032 lumine
527 992 649 1033 obire
676 992 738 1033 Et
758 1006 835 1032 nec
849 990 1080 1046 opinantes
1099 987 1293 1029 tenebris
1308 988 1528 1028 obducere
1547 994 1691 1029 terras
1713 1005 1732 1027 »
1751 1001 1760 1040 ;
1781 988 1836 1040 V,
1864 987 1966 1039 718,

333 1071 388 1098 en
415 1056 590 1113 parlant
614 1056 720 1098 d'un
745 1054 938 1097 satellite
957 1054 1033 1110 qui
1054 1055 1275 1109 peut-etre
1293 1051 1411 1094 voile
1436 1052 1478 1093 la
1494 1052 1680 1094 lumiere
1705 1053 1759 1094 de
1777 1052 1820 1094 la
1843 1053 1965 1106 lune,

336 1140 355 1160 «
381 1122 554 1177 Corpus
572 1123 691 1163 enim
713 1122 813 1163 licet
833 1136 920 1162 esse
944 1120 1085 1171 aliud,
1105 1119 1226 1175 quod
1249 1121 1402 1174 fertur
1420 1124 1461 1159 et
1485 1133 1573 1158 una
1595 1118 1805 1171 Labitur,
1829 1119 1971 1160 omni-

335 1188 476 1229 modis
504 1202 739 1229 occursans
768 1187 1076 1242 offic-iensque,
1111 1184 1214 1225 Non
1243 1184 1363 1238 potis
1394 1190 1458 1224 est
1485 1183 1622 1235 cerni,
1659 1183 1766 1239 quia
1797 1198 1970 1225 cassum

338 1253 505 1294 lumine
533 1256 686 1308 fertur
715 1270 753 1294 ».

397 1317 517 1374 quod
544 1317 638 1358 eius
669 1330 677 1360 :
707 1315 869 1373 genitis
884 1314 1076 1372 partitif3
1102 1313 1157 1356 cf.
1189 1330 1232 1355 v.
1258 1312 1360 1366 879,
1384 1328 1558 1355 comme
1582 1314 1623 1355 16
1653 1314 1733 1356 hoc
1749 1314 1898 1370 neqoti
1919 1314 1972 1356 de

339 1384 496 1425 Plaute
519 1382 659 1434 Trin.‚
684 1381 784 1433 578,
808 1386 890 1425 ete.
911 1395 919 1433 ;
951 1379 1148 1435 Lindsay
1168 1379 1296 1435 Synt.
1327 1378 1375 1420 of
1390 1379 1594 1432 Plautus,
1617 1395 1660 1436 p.
1689 1379 1758 1421 16.

398 1448 484 1491 374
517 1463 539 1489 6
563 1447 744 1504 regione
766 1461 774 1490 :
800 1465 819 1485 «
847 1461 902 1488 en
921 1445 1043 1502 ligne
1071 1445 1215 1486 droite
1239 1462 1288 1499 »3
1312 1444 1575 1501 expression
1603 1444 1835 1502 frequente
1862 1444 1973 1486 dans

340 1513 558 1565 Lucrece3
586 1512 642 1554 cf.
670 1513 746 1567 VI,
779 1511 879 1564 344,
904 1510 1005 1563 742,
1031 1509 1131 1563 823,
1158 1509 1257 1552 833.

399 1578 598 1622 375-376
632 1578 779 1620 Meme
813 1577 1189 1634 de'veloppement
1225 1575 1279 1627 V,
1310 1574 1505 1616 281-305
1550 1578 1606 1617 ou
1639 1574 1672 1616 il
1708 1579 1777 1617 est
1809 1575 1975 1618 etendu

342 1659 429 1685 aux
449 1643 606 1685 etoiles
625 1648 668 1685 et
690 1647 714 1683 11
737 1643 779 1684 la
798 1643 902 1684 lune
922 1659 942 1679 «
969 1642 1149 1696 [Λᾶν-9113
1171 1641 1276 1681 item
1301 1640 1465 1696 liquidi
1484 1642 1590 1695 fons
1610 1640 1811 1693 luminis,
1830 1640 1976 1683 aethe-

342 1711 435 1751 rius
463 1709 543 1760 sol,
574 1710 753 1765 Inriqet
781 1708 964 1749 adsidue
991 1706 1164 1748 caelum
1192 1707 1382 1747 candore
1410 1707 1589 1757 recenti,
1620 1706 1976 1762 Suppeditatque

342 1790 456 1816 nouo
492 1775 728 1830 confestim
770 1774 938 1815 lumine
967 1772 1175 1814 lumen...
1204 1785 1251 1823 »3
1296 1770 1377 1812 290
1419 1788 1438 1807 «
1475 1770 1531 1812 Vt
1568 1786 1719 1813 noscas
1743 1771 1977 1826 splendore

342 1855 457 1881 nouo
483 1855 550 1881 res
585 1855 758 1894 semper
793 1854 936 1895 egere,
978 1838 1040 1879 Et
1069 1838 1276 1892 primum
1317 1837 1483 1878 iactum
1519 1836 1716 1893 fulqoris
1752 1852 1978 1894 quemque

336 1907 540 1962 perire...
576 1925 595 1943 »
624 1904 708 1946 302
732 1923 750 1943 «
780 1905 869 1945 Hic
895 1905 1039 1960 iqitur
1052 1903 1206 1955 solem,
1232 1902 1388 1944 lunam
1412 1903 1654 1958 stellasque
1674 1903 1977 1957 putandumst

342 1971 416 2012 Ex
440 1971 528 2011 alio
555 1976 689 2027 atque
717 1970 804 2011 alio
830 1970 973 2010 lucem
1002 1970 1166 2010 iactare
1195 1968 1402 2020 subortu,
1437 1967 1497 2008 Et
1525 1969 1733 2024 primum
1760 1968 1980 2025 quicquid

341 2039 637 2093 flammarum
655 2036 840 2091 perdere
860 2050 1085 2091 semper...
1126 2051 1145 2072 »
1163 2069 1169 2075 .

403 2101 578 2143 trahere
603 2114 611 2144 1
642 2106 782 2143 terme
802 2100 1038 2156 technique
1062 2114 1208 2156 pour«
1230 2098 1340 2151 filer,
1363 2097 1545 2140 de'vider
1565 2116 1584 2137 »
1615 2098 1670 2140 cf.
1698 2099 1871 2140 Varron
1893 2098 1978 2141 cite

345 2182 423 2223 par
448 2166 639 2217 Nonius,
665 2166 764 2218 228,
791 2165 845 2208 26
872 2183 891 2204 «
922 2166 1013 2207 suis
1038 2164 1245 2205 manibus
1278 2164 1401 2205 lanea
1430 2169 1572 2205 tracta
1609 2181 1648 2217 »,
1673 2162 1774 2217 543,
1805 2162 1830 2205 8
1859 2181 1880 2203 «
1903 2164 1979 2206 sed

345 2231 482 2273 simul
510 2232 719 2273 manibus
747 2231 925 2272 trahere
949 2231 1099 2272 lanam
1129 2247 1167 2271 ».

405 2297 491 2340 378
525 2296 609 2338 sibi
633 2296 776 2338 abluit
804 2310 811 2338 1
835 2296 891 2339 cs.
920 2295 1021 2348 341,
1047 2294 1146 2337 875.

405 2362 490 2406 379
527 2361 667 2403 hilum
697 2376 704 2405 ς
738 2361 863 2403 Paul.
897 2361 1038 2412 Fest.,
1064 2360 1118 2402 90
1143 2379 1163 2399 «
1192 2359 1336 2402 hilum
1363 2366 1532 2415 putant
1559 2375 1661 2412 esse,
1686 2360 1809 2416 quod
1835 2375 1980 2416 qrano

345 2429 478 2485 sabae
498 2427 725 2475 adhaeret,
752 2443 806 2468 ezr
829 2442 919 2483 quo
948 2426 1062 2468 nihil
1085 2432 1127 2467 et
1155 2426 1350 2467 nihilum
1377 2444 1414 2467 ».
1445 2426 1633 2478 Varron,
1662 2426 1747 2467 cite
1769 2440 1847 2483 par
1865 2424 1980 2468 Cha-

346 2493 479 2535 risius
500 2493 554 2535 G.
583 2493 631 2536 L.
659 2493 710 2535 K.
738 2493 771 2545 Ι,
797 2491 880 2533 102
902 2491 1148 2549 rapproche
1168 2491 1315 2532 hilum
1331 2491 1384 2532 de
1402 2491 1566 2532 hillum
1589 2504 1597 2533 :
1624 2508 1644 2530 «
1669 2491 1813 2532 hilum
1841 2491 1981 2532 Varro

348 2574 499 2600 rerum
528 2558 833 2600 humanarum
862 2558 1125 2598 intestinum
1150 2557 1258 2597 dicit
1284 2557 1615 2608 tenuissimum,
1641 2556 1762 2614 quod
1788 2556 1867 2597 alii
1897 2556 1983 2597 hil-

350 2624 441 2664 lum
471 2623 832 2678 appellauerunt,
860 2629 908 2663 ut
928 2621 1264 2677 irztelleqeretur
1286 2622 1549 2662 intestinum
1561 2627 1751 2676 propter
1768 2621 1982 2662 similitu-

350 2690 498 2729 ninem
525 2688 729 2742 yeneris‚·
767 2688 881 2728 unde
917 2687 1093 2743 antiqui
1124 2686 1391 2727 ereberrime
1430 2687 1608 2742 dempta
1647 2686 1796 2727 littera
1837 2686 1983 2727 hilum

348 2768 527 2809 quoque
555 2754 768 2793 dixerunt
800 2771 838 2794 ».
873 2751 988 2793 Mais
1019 2757 1135 2793 cette
1160 2751 1433 2807 etymologie
1465 2756 1532 2792 cst
1563 2766 1649 2808 peu
1680 2750 1982 2793 satisfaisante

350 2834 460 2875 pour
486 2819 526 2859 le
549 2833 650 2859 sens
678 2833 849 2859 comme
871 2833 983 2875 pour
1007 2817 1049 2859 la
1076 2816 1230 2858 forme.
1260 2816 1372 2867 Quel
1394 2831 1479 2873 que
1505 2816 1592 2858 soit
1612 2816 1653 2857 16
1669 2832 1772 2858 sens
1793 2816 1984 2873 originel

350 2884 404 2926 (16
428 2884 589 2936 hilum,
612 2883 642 2923 il
676 2883 859 2939 designe
887 2882 1081 2940 quelque
1106 2882 1238 2923 chose
1259 2882 1312 2923 de
1340 2886 1429 2923 tres
1451 2881 1576 2938 petit,
1603 2897 1775 2923 comme
1793 2881 1834 2923 le
1861 2881 1983 2923 fran-

352 2949 554 3004 caispas‘,
579 2949 724 3004 point,
751 2948 835 2990 mie
854 2948 964 2989 dans
983 2947 1279 3004 lanegation3
1306 2946 1361 2989 c.f
1385 2962 1425 2989 v.
1458 2946 1557 2989 515.

412 3015 449 3054 Α
489 3013 728 3070 1’6Χ6111]116
768 2980 1269 3065 d’l]1111i118‚cf.0Ann.,
1309 3011 1361 3052 14
1407 3030 1426 3050 «
1462 3027 1603 3067 neque
1637 2990 1840 3065 dispendi
1867 3012 1981 3066 facit

353 3079 499 3119 hilum
540 3100 575 3128 υ,
610 3079 665 3121 cs.
703 3078 892 3120 Lucrece
936 3093 1089 3133 5611316
1124 3082 1313 3118 souvent
1344 3077 1407 3118 les
1448 3077 1564 3118 deux
1600 3077 1816 3117 clemente
1847 3075 1900 3117 de
1940 3075 1981 3117 la
