<?xml version="1.0" encoding="UTF-8"?>
<!DOCTYPE html PUBLIC "-//W3C//DTD XHTML 1.0 Transitional//EN"
    "http://www.w3.org/TR/xhtml1/DTD/xhtml1-transitional.dtd">
<html xmlns="http://www.w3.org/1999/xhtml" xml:lang="en" lang="en">
 <head>
  <title>
</title>
<meta http-equiv="Content-Type" content="text/html;charset=utf-8" />
  <meta name='ocr-system' content='tesseract 3.04.00' />
  <meta name='ocr-capabilities' content='ocr_page ocr_carea ocr_par ocr_line ocrx_word'/>
</head>
<body>
  <div class='ocr_page' id='page_1' title='image "./delanaturelivreq00lucruoft_0096.png"; bbox 0 0 2242 3595; ppageno 0'>
   <div class='ocr_carea' id='block_1_1' title="bbox 377 244 1856 292">
    <p class='ocr_par' dir='ltr' id='par_1_1' title="bbox 377 244 1856 292">
     <span class='ocr_line' id='line_1_1' title="bbox 377 244 1856 292; baseline -0.003 -5"><span class='ocrx_word' id='word_1_1' title='bbox 377 244 430 287; x_wconf 76' lang='lat'>88</span> <span class='ocrx_word' id='word_1_2' title='bbox 539 259 576 289; x_wconf 85' lang='lat' dir='ltr'>T.</span> <span class='ocrx_word' id='word_1_3' title='bbox 610 258 783 288; x_wconf 70' lang='lat' dir='ltr'>chizssri</span> <span class='ocrx_word' id='word_1_4' title='bbox 816 257 921 284; x_wconf 61' lang='lat' dir='ltr'>(mm.</span> <span class='ocrx_word' id='word_1_5' title='bbox 960 268 1015 274; x_wconf 86' lang='lat'>—</span> <span class='ocrx_word' id='word_1_6' title='bbox 1044 257 1095 284; x_wconf 79' lang='lat' dir='ltr'>DE</span> <span class='ocrx_word' id='word_1_7' title='bbox 1127 256 1269 285; x_wconf 63' lang='lat' dir='ltr'>RERVM</span> <span class='ocrx_word' id='word_1_8' title='bbox 1302 256 1482 285; x_wconf 71' lang='lat' dir='ltr'><strong>NATVRA.</strong></span> <span class='ocrx_word' id='word_1_9' title='bbox 1515 255 1632 285; x_wconf 73' lang='lat' dir='ltr'>LIBER</span> <span class='ocrx_word' id='word_1_10' title='bbox 1665 255 1856 292; x_wconf 67' lang='lat' dir='ltr'><strong>QVARTVS</strong></span> 
     </span>
    </p>
   </div>
   <div class='ocr_carea' id='block_1_2' title="bbox 541 354 2007 2823">
    <p class='ocr_par' dir='ltr' id='par_1_2' title="bbox 541 354 2003 736">
     <span class='ocr_line' id='line_1_2' title="bbox 584 354 1717 412; baseline -0.003 -13"><span class='ocrx_word' id='word_1_11' title='bbox 584 358 637 400; x_wconf 89' lang='lat' dir='ltr'>Et</span> <span class='ocrx_word' id='word_1_12' title='bbox 656 354 871 397; x_wconf 76' lang='lat' dir='ltr'>muliebre</span> <span class='ocrx_word' id='word_1_13' title='bbox 895 356 1035 397; x_wconf 86' lang='lat' dir='ltr'>oritur</span> <span class='ocrx_word' id='word_1_14' title='bbox 1067 356 1211 412; x_wconf 85' lang='lat' dir='ltr'>patrio</span> <span class='ocrx_word' id='word_1_15' title='bbox 1234 356 1287 397; x_wconf 89' lang='lat' dir='ltr'>de</span> <span class='ocrx_word' id='word_1_16' title='bbox 1306 354 1476 397; x_wconf 88' lang='lat' dir='ltr'>semine</span> <span class='ocrx_word' id='word_1_17' title='bbox 1505 354 1717 408; x_wconf 87' lang='lat' dir='ltr'>saeclum,</span> 
     </span>
     <span class='ocr_line' id='line_1_3' title="bbox 541 420 1626 477; baseline -0.002 -14"><span class='ocrx_word' id='word_1_18' title='bbox 541 450 556 477; x_wconf 74' lang='grc'><strong><em>,</em></strong></span> <span class='ocrx_word' id='word_1_19' title='bbox 584 427 874 477; x_wconf 87' lang='lat' dir='ltr'>maternoque</span> <span class='ocrx_word' id='word_1_20' title='bbox 898 436 1041 462; x_wconf 89' lang='lat' dir='ltr'>mares</span> <span class='ocrx_word' id='word_1_21' title='bbox 1069 420 1271 463; x_wconf 84' lang='lat' dir='ltr'>existunt</span> <span class='ocrx_word' id='word_1_22' title='bbox 1292 435 1475 477; x_wconf 89' lang='lat' dir='ltr'>corpore</span> <span class='ocrx_word' id='word_1_23' title='bbox 1501 420 1626 462; x_wconf 89' lang='lat' dir='ltr'>creti.</span> 
     </span>
     <span class='ocr_line' id='line_1_4' title="bbox 580 485 1764 542; baseline -0.003 -13"><span class='ocrx_word' id='word_1_24' title='bbox 580 487 766 542; x_wconf 80' lang='lat' dir='ltr'>Semper</span> <span class='ocrx_word' id='word_1_25' title='bbox 793 486 912 526; x_wconf 89' lang='lat' dir='ltr'>enim</span> <span class='ocrx_word' id='word_1_26' title='bbox 935 491 1089 542; x_wconf 86' lang='lat' dir='ltr'>partus</span> <span class='ocrx_word' id='word_1_27' title='bbox 1108 486 1275 542; x_wconf 83' lang='lat' dir='ltr'>duplici</span> <span class='ocrx_word' id='word_1_28' title='bbox 1300 486 1354 527; x_wconf 92' lang='lat' dir='ltr'>de</span> <span class='ocrx_word' id='word_1_29' title='bbox 1376 485 1545 527; x_wconf 88' lang='lat' dir='ltr'>semine</span> <span class='ocrx_word' id='word_1_30' title='bbox 1570 489 1764 537; x_wconf 84' lang='lat' dir='ltr'>constat,</span> 
     </span>
     <span class='ocr_line' id='line_1_5' title="bbox 580 548 2003 608; baseline 0 -16"><span class='ocrx_word' id='word_1_31' title='bbox 580 556 711 608; x_wconf 80' lang='lat' dir='ltr'>atque</span> <span class='ocrx_word' id='word_1_32' title='bbox 740 551 827 592; x_wconf 89' lang='lat' dir='ltr'>utri</span> <span class='ocrx_word' id='word_1_33' title='bbox 850 550 1039 592; x_wconf 84' lang='lat' dir='ltr'>similest</span> <span class='ocrx_word' id='word_1_34' title='bbox 1060 551 1202 607; x_wconf 80' lang='lat' dir='ltr'>magis</span> <span class='ocrx_word' id='word_1_35' title='bbox 1224 551 1269 592; x_wconf 93' lang='lat' dir='ltr'>id</span> <span class='ocrx_word' id='word_1_36' title='bbox 1290 550 1604 608; x_wconf 88' lang='lat' dir='ltr'>quodcumque</span> <span class='ocrx_word' id='word_1_37' title='bbox 1627 554 1816 600; x_wconf 88' lang='lat' dir='ltr'>creatur,</span> <span class='ocrx_word' id='word_1_38' title='bbox 1892 548 2003 592; x_wconf 83' lang='grc'>1230</span> 
     </span>
     <span class='ocr_line' id='line_1_6' title="bbox 582 615 1846 673; baseline -0.001 -16"><span class='ocrx_word' id='word_1_39' title='bbox 582 616 676 657; x_wconf 89' lang='lat' dir='ltr'>eius</span> <span class='ocrx_word' id='word_1_40' title='bbox 704 615 837 657; x_wconf 87' lang='lat' dir='ltr'>habet</span> <span class='ocrx_word' id='word_1_41' title='bbox 859 615 959 672; x_wconf 91' lang='lat' dir='ltr'>plus</span> <span class='ocrx_word' id='word_1_42' title='bbox 987 622 1110 673; x_wconf 85' lang='lat' dir='ltr'>parte</span> <span class='ocrx_word' id='word_1_43' title='bbox 1135 630 1299 673; x_wconf 80' lang='lat' dir='ltr'>aequa3</span> <span class='ocrx_word' id='word_1_44' title='bbox 1331 617 1450 673; x_wconf 91' lang='lat' dir='ltr'>quod</span> <span class='ocrx_word' id='word_1_45' title='bbox 1475 631 1655 657; x_wconf 83' lang='lat' dir='ltr'>cernere</span> <span class='ocrx_word' id='word_1_46' title='bbox 1683 615 1846 672; x_wconf 86' lang='lat' dir='ltr'>possis,</span> 
     </span>
     <span class='ocr_line' id='line_1_7' title="bbox 583 680 1628 736; baseline -0.001 -14"><span class='ocrx_word' id='word_1_47' title='bbox 583 681 676 722; x_wconf 90' lang='lat' dir='ltr'>siue</span> <span class='ocrx_word' id='word_1_48' title='bbox 700 681 847 722; x_wconf 90' lang='lat' dir='ltr'>uirum</span> <span class='ocrx_word' id='word_1_49' title='bbox 867 681 1046 722; x_wconf 83' lang='lat' dir='ltr'>suboles</span> <span class='ocrx_word' id='word_1_50' title='bbox 1072 681 1211 723; x_wconf 86' lang='lat' dir='ltr'>siuest</span> <span class='ocrx_word' id='word_1_51' title='bbox 1236 680 1468 722; x_wconf 88' lang='lat' dir='ltr'>muliebris</span> <span class='ocrx_word' id='word_1_52' title='bbox 1489 680 1628 736; x_wconf 82' lang='lat' dir='ltr'>origo.</span> 
     </span>
    </p>

    <p class='ocr_par' dir='ltr' id='par_1_3' title="bbox 576 745 2006 1128">
     <span class='ocr_line' id='line_1_8' title="bbox 642 745 1787 803; baseline -0.002 -15"><span class='ocrx_word' id='word_1_53' title='bbox 642 746 735 788; x_wconf 80' lang='lat' dir='ltr'>Neo</span> <span class='ocrx_word' id='word_1_54' title='bbox 763 746 915 787; x_wconf 88' lang='lat' dir='ltr'>diuina</span> <span class='ocrx_word' id='word_1_55' title='bbox 937 751 1083 788; x_wconf 86' lang='lat' dir='ltr'>satum</span> <span class='ocrx_word' id='word_1_56' title='bbox 1102 746 1347 803; x_wconf 77' lang='lat' dir='ltr'>genitalem</span> <span class='ocrx_word' id='word_1_57' title='bbox 1368 746 1552 787; x_wconf 90' lang='lat' dir='ltr'>numina</span> <span class='ocrx_word' id='word_1_58' title='bbox 1578 745 1787 802; x_wconf 77' lang='lat' dir='ltr'>cuiquam</span> 
     </span>
     <span class='ocr_line' id='line_1_9' title="bbox 583 810 1767 868; baseline -0.001 -16"><span class='ocrx_word' id='word_1_59' title='bbox 583 811 849 863; x_wconf 73' lang='lat' dir='ltr'>absterrent,</span> <span class='ocrx_word' id='word_1_60' title='bbox 875 816 1001 867; x_wconf 85' lang='lat' dir='ltr'>pater</span> <span class='ocrx_word' id='word_1_61' title='bbox 1025 826 1046 851; x_wconf 90' lang='lat' dir='ltr'>a</span> <span class='ocrx_word' id='word_1_62' title='bbox 1072 811 1220 867; x_wconf 80' lang='lat' dir='ltr'>gnatis</span> <span class='ocrx_word' id='word_1_63' title='bbox 1247 826 1302 852; x_wconf 91' lang='lat' dir='ltr'>ne</span> <span class='ocrx_word' id='word_1_64' title='bbox 1327 810 1533 852; x_wconf 84' lang='lat' dir='ltr'>dulcibus</span> <span class='ocrx_word' id='word_1_65' title='bbox 1556 825 1767 868; x_wconf 89' lang='lat' dir='ltr'>umquam</span> 
     </span>
     <span class='ocr_line' id='line_1_10' title="bbox 583 873 2006 932; baseline -0.001 -15"><span class='ocrx_word' id='word_1_66' title='bbox 583 876 845 932; x_wconf 79' lang='lat' dir='ltr'>appelletur,</span> <span class='ocrx_word' id='word_1_67' title='bbox 871 880 914 917; x_wconf 91' lang='lat' dir='ltr'>et</span> <span class='ocrx_word' id='word_1_68' title='bbox 940 881 989 918; x_wconf 89' lang='lat' dir='ltr'>ut</span> <span class='ocrx_word' id='word_1_69' title='bbox 1017 876 1157 917; x_wconf 86' lang='lat' dir='ltr'>sterili</span> <span class='ocrx_word' id='word_1_70' title='bbox 1180 876 1350 917; x_wconf 84' lang='lat' dir='ltr'>Venere</span> <span class='ocrx_word' id='word_1_71' title='bbox 1378 875 1528 931; x_wconf 80' lang='lat' dir='ltr'>exigat</span> <span class='ocrx_word' id='word_1_72' title='bbox 1550 889 1732 927; x_wconf 78' lang='lat' dir='ltr'>aeuom3</span> <span class='ocrx_word' id='word_1_73' title='bbox 1892 873 2006 916; x_wconf 82' lang='lat'><strong>1235</strong></span> 
     </span>
     <span class='ocr_line' id='line_1_11' title="bbox 582 939 1853 997; baseline -0.002 -15"><span class='ocrx_word' id='word_1_74' title='bbox 582 941 700 997; x_wconf 87' lang='lat' dir='ltr'>quod</span> <span class='ocrx_word' id='word_1_75' title='bbox 722 941 984 997; x_wconf 87' lang='lat' dir='ltr'>plerumque</span> <span class='ocrx_word' id='word_1_76' title='bbox 1012 946 1188 997; x_wconf 85' lang='lat' dir='ltr'>putant,</span> <span class='ocrx_word' id='word_1_77' title='bbox 1217 946 1260 983; x_wconf 87' lang='lat' dir='ltr'>et</span> <span class='ocrx_word' id='word_1_78' title='bbox 1282 940 1423 982; x_wconf 89' lang='lat' dir='ltr'>multo</span> <span class='ocrx_word' id='word_1_79' title='bbox 1452 940 1667 997; x_wconf 82' lang='lat' dir='ltr'>sanguine</span> <span class='ocrx_word' id='word_1_80' title='bbox 1693 939 1853 982; x_wconf 87' lang='lat' dir='ltr'>maesti</span> 
     </span>
     <span class='ocr_line' id='line_1_12' title="bbox 583 1005 1647 1063; baseline -0.001 -16"><span class='ocrx_word' id='word_1_81' title='bbox 583 1010 885 1062; x_wconf 82' lang='lat' dir='ltr'>conspergunt</span> <span class='ocrx_word' id='word_1_82' title='bbox 906 1021 1005 1047; x_wconf 86' lang='lat' dir='ltr'>aras</span> <span class='ocrx_word' id='word_1_83' title='bbox 1030 1006 1301 1063; x_wconf 78' lang='lat' dir='ltr'>adolentque</span> <span class='ocrx_word' id='word_1_84' title='bbox 1322 1005 1479 1047; x_wconf 84' lang='lat' dir='ltr'>altaria</span> <span class='ocrx_word' id='word_1_85' title='bbox 1500 1005 1647 1059; x_wconf 89' lang='lat' dir='ltr'>donis,</span> 
     </span>
     <span class='ocr_line' id='line_1_13' title="bbox 576 1071 1620 1128; baseline -0.001 -16"><span class='ocrx_word' id='word_1_86' title='bbox 576 1076 626 1112; x_wconf 89' lang='lat' dir='ltr'>ut</span> <span class='ocrx_word' id='word_1_87' title='bbox 652 1071 861 1128; x_wconf 79' lang='lat' dir='ltr'>grauidas</span> <span class='ocrx_word' id='word_1_88' title='bbox 889 1071 1078 1112; x_wconf 82' lang='lat' dir='ltr'>reddant</span> <span class='ocrx_word' id='word_1_89' title='bbox 1096 1086 1260 1112; x_wconf 81' lang='lat' dir='ltr'>uxores</span> <span class='ocrx_word' id='word_1_90' title='bbox 1283 1071 1451 1112; x_wconf 90' lang='lat' dir='ltr'>semine</span> <span class='ocrx_word' id='word_1_91' title='bbox 1478 1071 1620 1126; x_wconf 81' lang='lat' dir='ltr'>largo.</span> 
     </span>
    </p>

    <p class='ocr_par' dir='ltr' id='par_1_4' title="bbox 584 1136 1716 1193">
     <span class='ocr_line' id='line_1_14' title="bbox 584 1136 1716 1193; baseline -0.001 -15"><span class='ocrx_word' id='word_1_92' title='bbox 584 1136 870 1193; x_wconf 84' lang='lat' dir='ltr'>Nequiquam</span> <span class='ocrx_word' id='word_1_93' title='bbox 899 1136 1049 1177; x_wconf 88' lang='lat' dir='ltr'>diuom</span> <span class='ocrx_word' id='word_1_94' title='bbox 1072 1152 1238 1178; x_wconf 89' lang='lat' dir='ltr'>numen</span> <span class='ocrx_word' id='word_1_95' title='bbox 1261 1136 1483 1192; x_wconf 87' lang='lat' dir='ltr'>sortisque</span> <span class='ocrx_word' id='word_1_96' title='bbox 1511 1136 1716 1192; x_wconf 81' lang='lat' dir='ltr'>fatigant.</span> 
     </span>
    </p>

    <p class='ocr_par' dir='ltr' id='par_1_5' title="bbox 582 1197 2007 1324">
     <span class='ocr_line' id='line_1_15' title="bbox 583 1197 2007 1256; baseline -0.001 -14"><span class='ocrx_word' id='word_1_97' title='bbox 583 1201 697 1242; x_wconf 88' lang='lat' dir='ltr'>Nam</span> <span class='ocrx_word' id='word_1_98' title='bbox 724 1201 900 1242; x_wconf 88' lang='lat' dir='ltr'>steriles</span> <span class='ocrx_word' id='word_1_99' title='bbox 928 1201 1116 1242; x_wconf 88' lang='lat' dir='ltr'>nimium</span> <span class='ocrx_word' id='word_1_100' title='bbox 1145 1217 1294 1243; x_wconf 86' lang='lat' dir='ltr'>crasso</span> <span class='ocrx_word' id='word_1_101' title='bbox 1321 1206 1425 1243; x_wconf 91' lang='lat' dir='ltr'>sunt</span> <span class='ocrx_word' id='word_1_102' title='bbox 1449 1201 1619 1242; x_wconf 91' lang='lat' dir='ltr'>semine</span> <span class='ocrx_word' id='word_1_103' title='bbox 1647 1199 1827 1256; x_wconf 82' lang='lat' dir='ltr'>partim,</span> <span class='ocrx_word' id='word_1_104' title='bbox 1896 1197 2007 1240; x_wconf 76' lang='grc'>1240</span> 
     </span>
     <span class='ocr_line' id='line_1_16' title="bbox 582 1265 1693 1324; baseline -0.001 -17"><span class='ocrx_word' id='word_1_105' title='bbox 582 1271 625 1308; x_wconf 91' lang='lat' dir='ltr'>et</span> <span class='ocrx_word' id='word_1_106' title='bbox 649 1266 817 1322; x_wconf 85' lang='lat' dir='ltr'>liquido</span> <span class='ocrx_word' id='word_1_107' title='bbox 846 1271 1021 1322; x_wconf 85' lang='lat' dir='ltr'>praeter</span> <span class='ocrx_word' id='word_1_108' title='bbox 1044 1267 1212 1308; x_wconf 86' lang='lat' dir='ltr'>iustum</span> <span class='ocrx_word' id='word_1_109' title='bbox 1237 1267 1449 1324; x_wconf 89' lang='lat' dir='ltr'>tenuique</span> <span class='ocrx_word' id='word_1_110' title='bbox 1477 1265 1693 1307; x_wconf 86' lang='lat' dir='ltr'>uicissim.</span> 
     </span>
    </p>

    <p class='ocr_par' dir='ltr' id='par_1_6' title="bbox 581 1330 1826 1453">
     <span class='ocr_line' id='line_1_17' title="bbox 583 1330 1826 1388; baseline -0.002 -15"><span class='ocrx_word' id='word_1_111' title='bbox 583 1333 731 1373; x_wconf 88' lang='lat' dir='ltr'>Tenue</span> <span class='ocrx_word' id='word_1_112' title='bbox 751 1330 860 1372; x_wconf 87' lang='lat' dir='ltr'>locis</span> <span class='ocrx_word' id='word_1_113' title='bbox 885 1331 988 1387; x_wconf 90' lang='lat' dir='ltr'>quia</span> <span class='ocrx_word' id='word_1_114' title='bbox 1010 1347 1097 1372; x_wconf 89' lang='lat' dir='ltr'>non</span> <span class='ocrx_word' id='word_1_115' title='bbox 1120 1332 1237 1388; x_wconf 90' lang='lat' dir='ltr'>potis</span> <span class='ocrx_word' id='word_1_116' title='bbox 1264 1336 1328 1373; x_wconf 89' lang='lat' dir='ltr'>est</span> <span class='ocrx_word' id='word_1_117' title='bbox 1348 1331 1541 1387; x_wconf 80' lang='lat' dir='ltr'>adfigere</span> <span class='ocrx_word' id='word_1_118' title='bbox 1568 1330 1826 1381; x_wconf 84' lang='lat' dir='ltr'>adhaesum,</span> 
     </span>
     <span class='ocr_line' id='line_1_18' title="bbox 581 1395 1727 1453; baseline 0.002 -16"><span class='ocrx_word' id='word_1_119' title='bbox 581 1396 767 1453; x_wconf 86' lang='lat' dir='ltr'>liquitur</span> <span class='ocrx_word' id='word_1_120' title='bbox 795 1397 1022 1453; x_wconf 76' lang='lat' dir='ltr'>extemplo</span> <span class='ocrx_word' id='word_1_121' title='bbox 1050 1402 1094 1438; x_wconf 89' lang='lat' dir='ltr'>et</span> <span class='ocrx_word' id='word_1_122' title='bbox 1121 1402 1378 1438; x_wconf 88' lang='lat' dir='ltr'>reuocatum</span> <span class='ocrx_word' id='word_1_123' title='bbox 1404 1396 1522 1438; x_wconf 84' lang='lat' dir='ltr'>cedit</span> <span class='ocrx_word' id='word_1_124' title='bbox 1555 1395 1727 1439; x_wconf 77' lang='lat' dir='ltr'>abortu,</span> 
     </span>
    </p>

    <p class='ocr_par' dir='ltr' id='par_1_7' title="bbox 584 1461 1713 1519">
     <span class='ocr_line' id='line_1_19' title="bbox 584 1461 1713 1519; baseline -0.004 -15"><span class='ocrx_word' id='word_1_125' title='bbox 584 1461 790 1504; x_wconf 88' lang='lat' dir='ltr'>Crassius</span> <span class='ocrx_word' id='word_1_126' title='bbox 819 1462 887 1503; x_wconf 88' lang='lat' dir='ltr'>his</span> <span class='ocrx_word' id='word_1_127' title='bbox 910 1477 1040 1518; x_wconf 85' lang='lat' dir='ltr'>porro</span> <span class='ocrx_word' id='word_1_128' title='bbox 1063 1462 1274 1519; x_wconf 88' lang='lat' dir='ltr'>quoniam</span> <span class='ocrx_word' id='word_1_129' title='bbox 1299 1461 1551 1503; x_wconf 88' lang='lat' dir='ltr'>concretius</span> <span class='ocrx_word' id='word_1_130' title='bbox 1572 1476 1713 1518; x_wconf 91' lang='lat' dir='ltr'>aequo</span> 
     </span>
    </p>

    <p class='ocr_par' dir='ltr' id='par_1_8' title="bbox 583 1522 2002 1649">
     <span class='ocr_line' id='line_1_20' title="bbox 583 1522 2002 1584; baseline -0.002 -17"><span class='ocrx_word' id='word_1_131' title='bbox 583 1526 791 1578; x_wconf 78' lang='lat' dir='ltr'>mittitur,</span> <span class='ocrx_word' id='word_1_132' title='bbox 816 1532 893 1568; x_wconf 86' lang='lat' dir='ltr'>aut</span> <span class='ocrx_word' id='word_1_133' title='bbox 920 1542 1009 1568; x_wconf 90' lang='lat' dir='ltr'>non</span> <span class='ocrx_word' id='word_1_134' title='bbox 1029 1532 1120 1568; x_wconf 87' lang='lat' dir='ltr'>tam</span> <span class='ocrx_word' id='word_1_135' title='bbox 1143 1527 1315 1584; x_wconf 84' lang='lat' dir='ltr'>prolixo</span> <span class='ocrx_word' id='word_1_136' title='bbox 1340 1527 1545 1583; x_wconf 82' lang='lat' dir='ltr'>prouolat</span> <span class='ocrx_word' id='word_1_137' title='bbox 1567 1526 1673 1577; x_wconf 86' lang='lat' dir='ltr'>ictu,</span> <span class='ocrx_word' id='word_1_138' title='bbox 1890 1522 2002 1565; x_wconf 67' lang='grc'>1245</span> 
     </span>
     <span class='ocr_line' id='line_1_21' title="bbox 583 1592 1838 1649; baseline 0 -17"><span class='ocrx_word' id='word_1_139' title='bbox 583 1596 660 1633; x_wconf 82' lang='lat' dir='ltr'>aut</span> <span class='ocrx_word' id='word_1_140' title='bbox 684 1597 916 1648; x_wconf 87' lang='lat' dir='ltr'>penetrare</span> <span class='ocrx_word' id='word_1_141' title='bbox 946 1592 1067 1633; x_wconf 89' lang='lat' dir='ltr'>locos</span> <span class='ocrx_word' id='word_1_142' title='bbox 1091 1607 1229 1649; x_wconf 88' lang='lat' dir='ltr'>aeque</span> <span class='ocrx_word' id='word_1_143' title='bbox 1255 1592 1426 1649; x_wconf 87' lang='lat' dir='ltr'>nequit,</span> <span class='ocrx_word' id='word_1_144' title='bbox 1457 1596 1533 1633; x_wconf 90' lang='lat' dir='ltr'>aut</span> <span class='ocrx_word' id='word_1_145' title='bbox 1554 1595 1838 1648; x_wconf 89' lang='lat' dir='ltr'>penetratum</span> 
     </span>
    </p>

    <p class='ocr_par' dir='ltr' id='par_1_9' title="bbox 583 1656 1626 1712">
     <span class='ocr_line' id='line_1_22' title="bbox 583 1656 1626 1712; baseline 0.001 -15"><span class='ocrx_word' id='word_1_146' title='bbox 583 1671 712 1712; x_wconf 82' lang='lat' dir='ltr'>aegre</span> <span class='ocrx_word' id='word_1_147' title='bbox 737 1656 1009 1698; x_wconf 82' lang='lat' dir='ltr'>admiscetur</span> <span class='ocrx_word' id='word_1_148' title='bbox 1034 1657 1241 1698; x_wconf 87' lang='lat' dir='ltr'>muliebri</span> <span class='ocrx_word' id='word_1_149' title='bbox 1266 1657 1436 1698; x_wconf 87' lang='lat' dir='ltr'>semine</span> <span class='ocrx_word' id='word_1_150' title='bbox 1458 1671 1626 1698; x_wconf 90' lang='lat' dir='ltr'>semen.</span> 
     </span>
    </p>

    <p class='ocr_par' dir='ltr' id='par_1_10' title="bbox 582 1721 1857 1845">
     <span class='ocr_line' id='line_1_23' title="bbox 584 1721 1857 1764; baseline -0.001 -1"><span class='ocrx_word' id='word_1_151' title='bbox 584 1722 701 1764; x_wconf 89' lang='lat' dir='ltr'>Nam</span> <span class='ocrx_word' id='word_1_152' title='bbox 724 1721 914 1763; x_wconf 89' lang='lat' dir='ltr'>multum</span> <span class='ocrx_word' id='word_1_153' title='bbox 941 1722 1196 1764; x_wconf 86' lang='lat' dir='ltr'>harmoniae</span> <span class='ocrx_word' id='word_1_154' title='bbox 1215 1722 1402 1764; x_wconf 85' lang='lat' dir='ltr'>Veneris</span> <span class='ocrx_word' id='word_1_155' title='bbox 1429 1722 1602 1762; x_wconf 77' lang='lat' dir='ltr'>differre</span> <span class='ocrx_word' id='word_1_156' title='bbox 1632 1721 1857 1762; x_wconf 87' lang='lat' dir='ltr'>uidentur.</span> 
     </span>
     <span class='ocr_line' id='line_1_24' title="bbox 582 1786 1684 1845; baseline -0.002 -16"><span class='ocrx_word' id='word_1_157' title='bbox 582 1788 732 1843; x_wconf 81' lang='lat' dir='ltr'>Atque</span> <span class='ocrx_word' id='word_1_158' title='bbox 751 1787 860 1828; x_wconf 85' lang='lat' dir='ltr'>alias</span> <span class='ocrx_word' id='word_1_159' title='bbox 883 1787 955 1828; x_wconf 85' lang='lat' dir='ltr'>alii</span> <span class='ocrx_word' id='word_1_160' title='bbox 980 1787 1205 1844; x_wconf 86' lang='lat' dir='ltr'>complent</span> <span class='ocrx_word' id='word_1_161' title='bbox 1226 1787 1386 1845; x_wconf 83' lang='lat' dir='ltr'>magis,</span> <span class='ocrx_word' id='word_1_162' title='bbox 1417 1803 1470 1828; x_wconf 82' lang='lat' dir='ltr'>ex</span> <span class='ocrx_word' id='word_1_163' title='bbox 1495 1786 1684 1844; x_wconf 86' lang='lat' dir='ltr'>aliisque</span> 
     </span>
    </p>

    <p class='ocr_par' dir='ltr' id='par_1_11' title="bbox 583 1849 2006 1975">
     <span class='ocr_line' id='line_1_25' title="bbox 584 1849 2006 1910; baseline -0.002 -17"><span class='ocrx_word' id='word_1_164' title='bbox 584 1853 836 1909; x_wconf 81' lang='lat' dir='ltr'>succipiunt</span> <span class='ocrx_word' id='word_1_165' title='bbox 857 1853 969 1894; x_wconf 85' lang='lat' dir='ltr'>aliae</span> <span class='ocrx_word' id='word_1_166' title='bbox 997 1854 1173 1910; x_wconf 89' lang='lat' dir='ltr'>pondus</span> <span class='ocrx_word' id='word_1_167' title='bbox 1199 1853 1341 1909; x_wconf 84' lang='lat' dir='ltr'>magis</span> <span class='ocrx_word' id='word_1_168' title='bbox 1370 1853 1503 1910; x_wconf 91' lang='lat' dir='ltr'>inque</span> <span class='ocrx_word' id='word_1_169' title='bbox 1531 1855 1816 1909; x_wconf 83' lang='lat' dir='ltr'>grauescunt.</span> <span class='ocrx_word' id='word_1_170' title='bbox 1894 1849 2006 1892; x_wconf 78' lang='grc'>1250</span> 
     </span>
     <span class='ocr_line' id='line_1_26' title="bbox 583 1917 1660 1975; baseline -0.001 -15"><span class='ocrx_word' id='word_1_171' title='bbox 583 1917 641 1960; x_wconf 79' lang='lat' dir='ltr'>Et</span> <span class='ocrx_word' id='word_1_172' title='bbox 668 1918 835 1959; x_wconf 87' lang='lat' dir='ltr'>multae</span> <span class='ocrx_word' id='word_1_173' title='bbox 857 1919 1032 1960; x_wconf 85' lang='lat' dir='ltr'>steriles</span> <span class='ocrx_word' id='word_1_174' title='bbox 1055 1919 1328 1975; x_wconf 62' lang='lat' dir='ltr'>Hymenaeis</span> <span class='ocrx_word' id='word_1_175' title='bbox 1350 1924 1453 1960; x_wconf 85' lang='lat' dir='ltr'>ante</span> <span class='ocrx_word' id='word_1_176' title='bbox 1481 1918 1660 1960; x_wconf 91' lang='lat' dir='ltr'>fuerunt</span> 
     </span>
    </p>

    <p class='ocr_par' dir='ltr' id='par_1_12' title="bbox 582 1982 1831 2105">
     <span class='ocr_line' id='line_1_27' title="bbox 582 1982 1831 2040; baseline 0 -17"><span class='ocrx_word' id='word_1_177' title='bbox 582 1983 801 2039; x_wconf 77' lang='lat' dir='ltr'>pluribuS,</span> <span class='ocrx_word' id='word_1_178' title='bbox 827 1988 870 2025; x_wconf 87' lang='lat' dir='ltr'>et</span> <span class='ocrx_word' id='word_1_179' title='bbox 898 1989 1053 2025; x_wconf 88' lang='lat' dir='ltr'>nactae</span> <span class='ocrx_word' id='word_1_180' title='bbox 1080 1990 1182 2040; x_wconf 86' lang='lat' dir='ltr'>post</span> <span class='ocrx_word' id='word_1_181' title='bbox 1208 1990 1313 2026; x_wconf 90' lang='lat' dir='ltr'>sunt</span> <span class='ocrx_word' id='word_1_182' title='bbox 1340 1990 1489 2026; x_wconf 86' lang='lat' dir='ltr'>tamen</span> <span class='ocrx_word' id='word_1_183' title='bbox 1517 1984 1635 2025; x_wconf 92' lang='lat' dir='ltr'>unde</span> <span class='ocrx_word' id='word_1_184' title='bbox 1657 1982 1831 2039; x_wconf 91' lang='lat' dir='ltr'>puellos</span> 
     </span>
     <span class='ocr_line' id='line_1_28' title="bbox 584 2048 1656 2105; baseline 0.002 -16"><span class='ocrx_word' id='word_1_185' title='bbox 584 2048 824 2105; x_wconf 88' lang='lat' dir='ltr'>suscipere,</span> <span class='ocrx_word' id='word_1_186' title='bbox 850 2053 892 2090; x_wconf 86' lang='lat' dir='ltr'>et</span> <span class='ocrx_word' id='word_1_187' title='bbox 913 2054 1045 2105; x_wconf 88' lang='lat' dir='ltr'>partu</span> <span class='ocrx_word' id='word_1_188' title='bbox 1066 2055 1250 2105; x_wconf 84' lang='lat' dir='ltr'>possent</span> <span class='ocrx_word' id='word_1_189' title='bbox 1276 2050 1492 2091; x_wconf 86' lang='lat' dir='ltr'>ditescere</span> <span class='ocrx_word' id='word_1_190' title='bbox 1521 2048 1656 2091; x_wconf 88' lang='lat' dir='ltr'>dulci.</span> 
     </span>
    </p>

    <p class='ocr_par' dir='ltr' id='par_1_13' title="bbox 584 2113 1773 2171">
     <span class='ocr_line' id='line_1_29' title="bbox 584 2113 1773 2171; baseline -0.001 -16"><span class='ocrx_word' id='word_1_191' title='bbox 584 2113 639 2155; x_wconf 81' lang='lat' dir='ltr'>Et</span> <span class='ocrx_word' id='word_1_192' title='bbox 667 2113 828 2170; x_wconf 89' lang='lat' dir='ltr'>quibus</span> <span class='ocrx_word' id='word_1_193' title='bbox 856 2120 956 2156; x_wconf 85' lang='lat' dir='ltr'>ante</span> <span class='ocrx_word' id='word_1_194' title='bbox 980 2115 1099 2155; x_wconf 89' lang='lat' dir='ltr'>domi</span> <span class='ocrx_word' id='word_1_195' title='bbox 1126 2114 1338 2156; x_wconf 86' lang='lat' dir='ltr'>secundae</span> <span class='ocrx_word' id='word_1_196' title='bbox 1359 2129 1489 2171; x_wconf 90' lang='lat' dir='ltr'>saepe</span> <span class='ocrx_word' id='word_1_197' title='bbox 1511 2114 1773 2171; x_wconf 85' lang='lat' dir='ltr'>nequissent</span> 
     </span>
    </p>

    <p class='ocr_par' dir='ltr' id='par_1_14' title="bbox 581 2177 2007 2301">
     <span class='ocr_line' id='line_1_30' title="bbox 581 2177 2007 2236; baseline 0 -17"><span class='ocrx_word' id='word_1_198' title='bbox 581 2194 743 2219; x_wconf 84' lang='lat' dir='ltr'>uxores</span> <span class='ocrx_word' id='word_1_199' title='bbox 765 2194 933 2234; x_wconf 87' lang='lat' dir='ltr'>parere,</span> <span class='ocrx_word' id='word_1_200' title='bbox 966 2180 1193 2221; x_wconf 87' lang='lat' dir='ltr'>inuentast</span> <span class='ocrx_word' id='word_1_201' title='bbox 1220 2180 1308 2220; x_wconf 90' lang='lat' dir='ltr'>illis</span> <span class='ocrx_word' id='word_1_202' title='bbox 1333 2195 1508 2236; x_wconf 86' lang='lat' dir='ltr'>quoque</span> <span class='ocrx_word' id='word_1_203' title='bbox 1536 2194 1716 2236; x_wconf 89' lang='lat' dir='ltr'>compar</span> <span class='ocrx_word' id='word_1_204' title='bbox 1895 2177 2007 2219; x_wconf 75' lang='grc'>1255</span> 
     </span>
     <span class='ocr_line' id='line_1_31' title="bbox 582 2245 1674 2301; baseline 0.002 -17"><span class='ocrx_word' id='word_1_205' title='bbox 582 2248 755 2295; x_wconf 83' lang='lat' dir='ltr'>natura,</span> <span class='ocrx_word' id='word_1_206' title='bbox 784 2249 832 2285; x_wconf 92' lang='lat' dir='ltr'>ut</span> <span class='ocrx_word' id='word_1_207' title='bbox 855 2250 1037 2301; x_wconf 84' lang='lat' dir='ltr'>possent</span> <span class='ocrx_word' id='word_1_208' title='bbox 1058 2245 1207 2301; x_wconf 82' lang='lat' dir='ltr'>gnatis</span> <span class='ocrx_word' id='word_1_209' title='bbox 1228 2245 1401 2286; x_wconf 90' lang='lat' dir='ltr'>munire</span> <span class='ocrx_word' id='word_1_210' title='bbox 1431 2249 1674 2286; x_wconf 80' lang='lat' dir='ltr'>senectam.</span> 
     </span>
    </p>

    <p class='ocr_par' dir='ltr' id='par_1_15' title="bbox 585 2309 1689 2366">
     <span class='ocr_line' id='line_1_32' title="bbox 585 2309 1689 2366; baseline 0.002 -17"><span class='ocrx_word' id='word_1_211' title='bbox 585 2309 735 2365; x_wconf 86' lang='lat' dir='ltr'>Vsque</span> <span class='ocrx_word' id='word_1_212' title='bbox 757 2310 867 2351; x_wconf 90' lang='lat' dir='ltr'>adeo</span> <span class='ocrx_word' id='word_1_213' title='bbox 894 2310 1043 2366; x_wconf 77' lang='lat' dir='ltr'>magni</span> <span class='ocrx_word' id='word_1_214' title='bbox 1065 2310 1214 2363; x_wconf 84' lang='lat' dir='ltr'>refert,</span> <span class='ocrx_word' id='word_1_215' title='bbox 1244 2316 1294 2352; x_wconf 86' lang='lat' dir='ltr'>ut</span> <span class='ocrx_word' id='word_1_216' title='bbox 1319 2310 1489 2352; x_wconf 91' lang='lat' dir='ltr'>semina</span> <span class='ocrx_word' id='word_1_217' title='bbox 1516 2310 1689 2366; x_wconf 87' lang='lat' dir='ltr'>possint</span> 
     </span>
    </p>

    <p class='ocr_par' dir='ltr' id='par_1_16' title="bbox 585 2374 1560 2431">
     <span class='ocr_line' id='line_1_33' title="bbox 585 2374 1560 2431; baseline 0.003 -17"><span class='ocrx_word' id='word_1_218' title='bbox 585 2374 830 2416; x_wconf 86' lang='lat' dir='ltr'>seminibus</span> <span class='ocrx_word' id='word_1_219' title='bbox 855 2376 1135 2417; x_wconf 83' lang='lat' dir='ltr'>commisceri</span> <span class='ocrx_word' id='word_1_220' title='bbox 1159 2375 1417 2431; x_wconf 76' lang='lat' dir='ltr'>genitaliter</span> <span class='ocrx_word' id='word_1_221' title='bbox 1441 2380 1560 2431; x_wconf 86' lang='lat' dir='ltr'>apta,</span> 
     </span>
    </p>

    <p class='ocr_par' dir='ltr' id='par_1_17' title="bbox 585 2440 1786 2497">
     <span class='ocr_line' id='line_1_34' title="bbox 585 2440 1786 2497; baseline 0.002 -18"><span class='ocrx_word' id='word_1_222' title='bbox 585 2455 821 2496; x_wconf 83' lang='lat' dir='ltr'>crassaque</span> <span class='ocrx_word' id='word_1_223' title='bbox 850 2441 1119 2482; x_wconf 83' lang='lat' dir='ltr'>conueniant</span> <span class='ocrx_word' id='word_1_224' title='bbox 1146 2440 1326 2497; x_wconf 86' lang='lat' dir='ltr'>liquidis</span> <span class='ocrx_word' id='word_1_225' title='bbox 1348 2445 1391 2482; x_wconf 92' lang='lat' dir='ltr'>et</span> <span class='ocrx_word' id='word_1_226' title='bbox 1418 2440 1585 2497; x_wconf 87' lang='lat' dir='ltr'>liquida</span> <span class='ocrx_word' id='word_1_227' title='bbox 1608 2440 1786 2482; x_wconf 88' lang='lat' dir='ltr'>crassis.</span> 
     </span>
    </p>

    <p class='ocr_par' dir='ltr' id='par_1_18' title="bbox 584 2504 1641 2562">
     <span class='ocr_line' id='line_1_35' title="bbox 584 2504 1641 2562; baseline 0.001 -17"><span class='ocrx_word' id='word_1_228' title='bbox 584 2504 735 2561; x_wconf 83' lang='lat' dir='ltr'>Atque</span> <span class='ocrx_word' id='word_1_229' title='bbox 758 2505 801 2545; x_wconf 85' lang='lat' dir='ltr'>in</span> <span class='ocrx_word' id='word_1_230' title='bbox 827 2520 876 2546; x_wconf 90' lang='lat' dir='ltr'>eo</span> <span class='ocrx_word' id='word_1_231' title='bbox 904 2505 1040 2547; x_wconf 86' lang='lat' dir='ltr'>refert</span> <span class='ocrx_word' id='word_1_232' title='bbox 1061 2521 1148 2562; x_wconf 85' lang='lat' dir='ltr'>quo</span> <span class='ocrx_word' id='word_1_233' title='bbox 1176 2505 1299 2547; x_wconf 91' lang='lat' dir='ltr'>uictu</span> <span class='ocrx_word' id='word_1_234' title='bbox 1319 2505 1410 2547; x_wconf 81' lang='lat' dir='ltr'>uita</span> <span class='ocrx_word' id='word_1_235' title='bbox 1440 2506 1641 2558; x_wconf 67' lang='lat' dir='ltr'>colatur,</span> 
     </span>
    </p>

    <p class='ocr_par' dir='ltr' id='par_1_19' title="bbox 584 2569 2005 2692">
     <span class='ocr_line' id='line_1_36' title="bbox 584 2569 2005 2626; baseline 0.002 -17"><span class='ocrx_word' id='word_1_236' title='bbox 584 2585 776 2626; x_wconf 83' lang='lat' dir='ltr'>namque</span> <span class='ocrx_word' id='word_1_237' title='bbox 805 2570 903 2611; x_wconf 86' lang='lat' dir='ltr'>aliis</span> <span class='ocrx_word' id='word_1_238' title='bbox 929 2571 1061 2612; x_wconf 87' lang='lat' dir='ltr'>rebus</span> <span class='ocrx_word' id='word_1_239' title='bbox 1090 2574 1382 2612; x_wconf 86' lang='lat' dir='ltr'>concrescunt</span> <span class='ocrx_word' id='word_1_240' title='bbox 1402 2571 1571 2612; x_wconf 89' lang='lat' dir='ltr'>semina</span> <span class='ocrx_word' id='word_1_241' title='bbox 1598 2569 1810 2611; x_wconf 88' lang='lat' dir='ltr'>membris</span> <span class='ocrx_word' id='word_1_242' title='bbox 1894 2570 2005 2612; x_wconf 81' lang='grc'>1260</span> 
     </span>
     <span class='ocr_line' id='line_1_37' title="bbox 585 2635 1669 2692; baseline 0 -16"><span class='ocrx_word' id='word_1_243' title='bbox 585 2640 717 2691; x_wconf 84' lang='lat' dir='ltr'>atque</span> <span class='ocrx_word' id='word_1_244' title='bbox 746 2635 845 2676; x_wconf 88' lang='lat' dir='ltr'>aliis</span> <span class='ocrx_word' id='word_1_245' title='bbox 867 2640 1166 2678; x_wconf 84' lang='lat' dir='ltr'>extenuantur</span> <span class='ocrx_word' id='word_1_246' title='bbox 1192 2636 1434 2692; x_wconf 86' lang='lat' dir='ltr'>tabentque</span> <span class='ocrx_word' id='word_1_247' title='bbox 1453 2636 1669 2677; x_wconf 89' lang='lat' dir='ltr'>uicissim.</span> 
     </span>
    </p>

    <p class='ocr_par' dir='ltr' id='par_1_20' title="bbox 586 2699 1796 2757">
     <span class='ocr_line' id='line_1_38' title="bbox 586 2699 1796 2757; baseline 0.001 -17"><span class='ocrx_word' id='word_1_248' title='bbox 586 2700 641 2741; x_wconf 80' lang='lat' dir='ltr'>Et</span> <span class='ocrx_word' id='word_1_249' title='bbox 665 2699 826 2755; x_wconf 84' lang='lat' dir='ltr'>quibus</span> <span class='ocrx_word' id='word_1_250' title='bbox 850 2701 945 2757; x_wconf 79' lang='lat' dir='ltr'>ipsa</span> <span class='ocrx_word' id='word_1_251' title='bbox 967 2702 1110 2743; x_wconf 89' lang='lat' dir='ltr'>modis</span> <span class='ocrx_word' id='word_1_252' title='bbox 1140 2706 1355 2743; x_wconf 87' lang='lat' dir='ltr'>tractetur</span> <span class='ocrx_word' id='word_1_253' title='bbox 1378 2700 1543 2742; x_wconf 82' lang='lat' dir='ltr'>blanda</span> <span class='ocrx_word' id='word_1_254' title='bbox 1569 2701 1796 2757; x_wconf 86' lang='lat' dir='ltr'>uoluptas,</span> 
     </span>
    </p>

    <p class='ocr_par' dir='ltr' id='par_1_21' title="bbox 585 2765 1771 2823">
     <span class='ocr_line' id='line_1_39' title="bbox 585 2765 1771 2823; baseline 0.002 -18"><span class='ocrx_word' id='word_1_255' title='bbox 585 2765 629 2806; x_wconf 90' lang='lat' dir='ltr'>id</span> <span class='ocrx_word' id='word_1_256' title='bbox 651 2781 827 2823; x_wconf 85' lang='lat' dir='ltr'>quoque</span> <span class='ocrx_word' id='word_1_257' title='bbox 857 2767 1089 2823; x_wconf 78' lang='lat' dir='ltr'>permagni</span> <span class='ocrx_word' id='word_1_258' title='bbox 1116 2766 1272 2813; x_wconf 72' lang='lat' dir='ltr'>refert:</span> <span class='ocrx_word' id='word_1_259' title='bbox 1301 2782 1404 2807; x_wconf 88' lang='lat' dir='ltr'>nam</span> <span class='ocrx_word' id='word_1_260' title='bbox 1429 2782 1551 2807; x_wconf 87' lang='lat' dir='ltr'>more</span> <span class='ocrx_word' id='word_1_261' title='bbox 1579 2766 1771 2807; x_wconf 82' lang='lat' dir='ltr'>ferarum</span> 
     </span>
    </p>
   </div>
   <div class='ocr_carea' id='block_1_3' title="bbox 426 2862 1504 2867">
    <p class='ocr_par' dir='ltr' id='par_1_22' title="bbox 426 2862 1504 2867">
     <span class='ocr_line' id='line_1_40' title="bbox 426 2862 1504 2867; baseline 0 0"><span class='ocrx_word' id='word_1_262' title='bbox 426 2862 1504 2867; x_wconf 95' lang='lat' dir='ltr'> </span> 
     </span>
    </p>
   </div>
   <div class='ocr_carea' id='block_1_4' title="bbox 423 2907 2008 2950">
    <p class='ocr_par' dir='ltr' id='par_1_23' title="bbox 423 2907 2008 2950">
     <span class='ocr_line' id='line_1_41' title="bbox 423 2907 2008 2950; baseline 0.001 -14"><span class='ocrx_word' id='word_1_263' title='bbox 423 2910 791 2938; x_wconf 66' lang='lat'>1227-12282112101225</span> <span class='ocrx_word' id='word_1_264' title='bbox 812 2910 985 2948; x_wconf 75' lang='lat' dir='ltr'>lranspos.</span> <span class='ocrx_word' id='word_1_265' title='bbox 999 2909 1290 2943; x_wconf 49' lang='lat' dir='ltr'>illl1nr.,ser1ians</span> <span class='ocrx_word' id='word_1_266' title='bbox 1309 2908 1422 2947; x_wconf 75' lang='lat' dir='ltr'>magis</span> <span class='ocrx_word' id='word_1_267' title='bbox 1441 2908 1477 2938; x_wconf 84' lang='lat' dir='ltr'>in</span> <span class='ocrx_word' id='word_1_268' title='bbox 1498 2910 1585 2943; x_wconf 68' lang='lat'>11:³5,</span> <span class='ocrx_word' id='word_1_269' title='bbox 1599 2919 1611 2937; x_wconf 74' lang='grc' dir='ltr'>(ι</span> <span class='ocrx_word' id='word_1_270' title='bbox 1634 2908 1800 2939; x_wconf 78' lang='lat' dir='ltr'>thesense</span> <span class='ocrx_word' id='word_1_271' title='bbox 1814 2907 2008 2950; x_wconf 70' lang='lat' dir='ltr'>requiriny</span> 
     </span>
    </p>
   </div>
   <div class='ocr_carea' id='block_1_5' title="bbox 378 2953 2006 3090">
    <p class='ocr_par' dir='ltr' id='par_1_24' title="bbox 378 2953 2006 3090">
     <span class='ocr_line' id='line_1_42' title="bbox 379 2953 2006 2995; baseline 0.002 -11"><span class='ocrx_word' id='word_1_272' title='bbox 379 2955 435 2985; x_wconf 84' lang='lat' dir='ltr'>{he</span> <span class='ocrx_word' id='word_1_273' title='bbox 450 2953 587 2995; x_wconf 63' lang='lat' dir='ltr'>chaane</span> <span class='ocrx_word' id='word_1_274' title='bbox 607 2970 619 2981; x_wconf 89' lang='lat'>»</span> <span class='ocrx_word' id='word_1_275' title='bbox 710 2957 900 2995; x_wconf 64' lang='lat' dir='ltr'>12:511mtc1·</span> <span class='ocrx_word' id='word_1_276' title='bbox 915 2967 932 2986; x_wconf 80' lang='lat' dir='ltr'>a</span> <span class='ocrx_word' id='word_1_277' title='bbox 948 2957 1064 2993; x_wconf 59' lang='lat' dir='ltr'>gnatis</span> <span class='ocrx_word' id='word_1_278' title='bbox 1081 2956 1182 2986; x_wconf 81' lang='lat' dir='ltr'>I’onl.</span> <span class='ocrx_word' id='word_1_279' title='bbox 1205 2966 1211 2986; x_wconf 86' lang='lat'><strong>:</strong></span> <span class='ocrx_word' id='word_1_280' title='bbox 1230 2958 1371 2995; x_wconf 84' lang='lat' dir='ltr'>practer</span> <span class='ocrx_word' id='word_1_281' title='bbox 1389 2956 1594 2993; x_wconf 64' lang='lat' dir='ltr'>agnatisOQ</span> <span class='ocrx_word' id='word_1_282' title='bbox 1681 2958 1759 2986; x_wconf 71' lang='lat'>1243</span> <span class='ocrx_word' id='word_1_283' title='bbox 1770 2955 1977 2987; x_wconf 73' lang='lat' dir='ltr'>ccditl&#39;onl.</span> <span class='ocrx_word' id='word_1_284' title='bbox 2000 2966 2006 2987; x_wconf 91' lang='lat'>:</span> 
     </span>
     <span class='ocr_line' id='line_1_43' title="bbox 378 3002 1951 3041; baseline 0.003 -11"><span class='ocrx_word' id='word_1_285' title='bbox 378 3002 491 3031; x_wconf 72' lang='lat' dir='ltr'>credit</span> <span class='ocrx_word' id='word_1_286' title='bbox 507 3002 564 3038; x_wconf 84' lang='lat' dir='ltr'>OQ</span> <span class='ocrx_word' id='word_1_287' title='bbox 651 3003 796 3032; x_wconf 68' lang='lat' dir='ltr'>122411is</span> <span class='ocrx_word' id='word_1_288' title='bbox 813 3004 953 3033; x_wconf 69' lang='lat' dir='ltr'>Lat-hm.</span> <span class='ocrx_word' id='word_1_289' title='bbox 977 3013 982 3033; x_wconf 77' lang='lat' dir='ltr'><em>z</em></span> <span class='ocrx_word' id='word_1_290' title='bbox 1003 3004 1059 3033; x_wconf 77' lang='lat' dir='ltr'>hic</span> <span class='ocrx_word' id='word_1_291' title='bbox 1085 3006 1142 3041; x_wconf 77' lang='lat' dir='ltr'>OQ</span> <span class='ocrx_word' id='word_1_292' title='bbox 1232 3005 1308 3033; x_wconf 71' lang='lat'><strong>1247</strong></span> <span class='ocrx_word' id='word_1_293' title='bbox 1330 3003 1493 3033; x_wconf 68' lang='lat' dir='ltr'>muliebri</span> <span class='ocrx_word' id='word_1_294' title='bbox 1514 3013 1519 3033; x_wconf 89' lang='lat'>:</span> <span class='ocrx_word' id='word_1_295' title='bbox 1542 3003 1680 3033; x_wconf 84' lang='lat' dir='ltr'>mulieri</span> <span class='ocrx_word' id='word_1_296' title='bbox 1697 3006 1722 3040; x_wconf 89' lang='lat' dir='ltr'><em>Q</em></span> <span class='ocrx_word' id='word_1_297' title='bbox 1741 3002 1905 3041; x_wconf 75' lang='lat' dir='ltr'>muliebri</span> <span class='ocrx_word' id='word_1_298' title='bbox 1926 3004 1951 3033; x_wconf 92' lang='grc' dir='ltr'><em>Ο</em></span> 
     </span>
     <span class='ocr_line' id='line_1_44' title="bbox 421 3050 2005 3090; baseline 0.002 -12"><span class='ocrx_word' id='word_1_299' title='bbox 421 3052 498 3078; x_wconf 74' lang='grc' dir='ltr'>12ἶ&gt;2</span> <span class='ocrx_word' id='word_1_300' title='bbox 528 3052 610 3088; x_wconf 77' lang='lat' dir='ltr'>post</span> <span class='ocrx_word' id='word_1_301' title='bbox 628 3054 709 3080; x_wconf 72' lang='lat' dir='ltr'>sunt</span> <span class='ocrx_word' id='word_1_302' title='bbox 731 3050 849 3080; x_wconf 35' lang='lat' dir='ltr'>lamb,</span> <span class='ocrx_word' id='word_1_303' title='bbox 873 3060 878 3081; x_wconf 71' lang='grc' dir='ltr'>ς</span> <span class='ocrx_word' id='word_1_304' title='bbox 909 3052 1061 3090; x_wconf 74' lang='lat' dir='ltr'>possunt</span> <span class='ocrx_word' id='word_1_305' title='bbox 1081 3052 1136 3087; x_wconf 79' lang='lat' dir='ltr'>OQ</span> <span class='ocrx_word' id='word_1_306' title='bbox 1227 3054 1302 3080; x_wconf 78' lang='lat'>1259</span> <span class='ocrx_word' id='word_1_307' title='bbox 1330 3060 1497 3081; x_wconf 81' lang='lat' dir='ltr'>rrassanc</span> <span class='ocrx_word' id='word_1_308' title='bbox 1515 3052 1632 3082; x_wconf 82' lang='lat' dir='ltr'>Munr.</span> <span class='ocrx_word' id='word_1_309' title='bbox 1657 3051 1875 3082; x_wconf 84' lang='lat' dir='ltr'>conueniant</span> <span class='ocrx_word' id='word_1_310' title='bbox 1894 3051 1979 3082; x_wconf 71' lang='lat' dir='ltr'>Mar.</span> <span class='ocrx_word' id='word_1_311' title='bbox 1999 3061 2005 3082; x_wconf 80' lang='lat' dir='ltr'>z</span> 
     </span>
    </p>
   </div>
   <div class='ocr_carea' id='block_1_6' title="bbox 380 3097 2008 3135">
    <p class='ocr_par' dir='ltr' id='par_1_25' title="bbox 380 3097 2008 3135">
     <span class='ocr_line' id='line_1_45' title="bbox 380 3097 2008 3135; baseline 0.002 -10"><span class='ocrx_word' id='word_1_312' title='bbox 380 3097 598 3126; x_wconf 73' lang='lat' dir='ltr'>conueniunt</span> <span class='ocrx_word' id='word_1_313' title='bbox 619 3099 674 3133; x_wconf 78' lang='lat' dir='ltr'>QQ</span> <span class='ocrx_word' id='word_1_314' title='bbox 773 3101 846 3127; x_wconf 62' lang='lat'>1202</span> <span class='ocrx_word' id='word_1_315' title='bbox 871 3098 948 3127; x_wconf 69' lang='lat' dir='ltr'>aliis</span> <span class='ocrx_word' id='word_1_316' title='bbox 983 3098 1056 3128; x_wconf 78' lang='lat' dir='ltr'>l&#39;er.</span> <span class='ocrx_word' id='word_1_317' title='bbox 1092 3099 1171 3128; x_wconf 70' lang='lat' dir='ltr'>l&#39;en.</span> <span class='ocrx_word' id='word_1_318' title='bbox 1192 3097 1278 3128; x_wconf 71' lang='lat' dir='ltr'>Mar.</span> <span class='ocrx_word' id='word_1_319' title='bbox 1301 3098 1383 3128; x_wconf 79' lang='lat' dir='ltr'>:alii</span> <span class='ocrx_word' id='word_1_320' title='bbox 1405 3098 1461 3135; x_wconf 70' lang='lat' dir='ltr'>OQ</span> <span class='ocrx_word' id='word_1_321' title='bbox 1498 3098 1618 3128; x_wconf 80' lang='lat' dir='ltr'>tabent</span> <span class='ocrx_word' id='word_1_322' title='bbox 1640 3100 1664 3135; x_wconf 90' lang='lat' dir='ltr'><em>Q</em></span> <span class='ocrx_word' id='word_1_323' title='bbox 1680 3108 1795 3130; x_wconf 80' lang='lat' dir='ltr'>corr.:</span> <span class='ocrx_word' id='word_1_324' title='bbox 1821 3099 1928 3129; x_wconf 85' lang='lat' dir='ltr'>taben</span> <span class='ocrx_word' id='word_1_325' title='bbox 1952 3098 2008 3135; x_wconf 81' lang='lat' dir='ltr'>OQ</span> 
     </span>
    </p>
   </div>
  </div>
 </body>
</html>
