2242 3595
375 239 451 282 108
722 241 918 276 wenstan.
955 259 1011 264 ——
1045 248 1095 275 DE
1129 247 1180 275 LA
1212 247 1390 275 NATL'RE.
1429 245 1554 274 [ΗΒΕ
1587 246 1629 274 1v

429 351 513 395 170
547 349 632 391 Ces
660 362 761 389 vers
783 351 886 389 sont
907 346 1047 402 repris
1075 361 1153 402 par
1183 345 1391 397 Lucrece,
1421 344 1498 394 VI,
1524 344 1603 385 251
1631 359 1729 401 sqq.

428 416 507 460 121
544 427 759 456 cauernas
782 424 789 454 :
810 411 864 453 cf.
888 410 967 452 391
991 425 999 462 ;
1031 411 1204 452 Varron
1232 410 1316 452 cite
1338 425 1418 467 par
1444 409 1632 461 Nonius,
1658 408 1729 461 46,
1748 408 1774 450 2
1795 427 1815 448 «
1842 409 1996 451 Nubes

440 480 547 522 caeli.
575 492 791 520 cauernas
816 491 976 518 aureas
997 476 1279 517 obduxerant
1307 494 1326 513 »
1348 489 1357 527 ;
1397 474 1569 516 Ennius
1595 474 1661 516 dit
1687 474 1809 516 aussi
1837 491 1857 513 «
1887 489 1995 516 caua

368 544 544 587 caerula
578 562 597 582 n
624 542 694 585 Sc.
719 541 821 593 292,
855 559 873 579 «
902 555 1010 582 caua
1033 540 1183 582 caeli»
1215 540 1285 582 Sc.
1316 539 1414 582 112,

429 610 514 653 172
545 623 688 665 usque
711 607 820 649 adeo
847 620 854 649 z
880 605 935 648 es.
961 605 1062 658 225,
1089 605 1189 658 308,
1216 604 1315 657 401,
1339 603 1440 657 760,
1465 603 1567 656 984,
1602 603 1729 652 1113,
1757 603 1886 647 1120.

428 673 684 715 nimborum
709 677 838 713 nocte
863 684 871 714 :
896 670 952 713 cf.
977 670 1147 726 Virgile
1170 670 1333 726 Georg.
1357 670 1391 722 Ι,
1417 668 1500 711 328
1525 687 1544 707 «
1571 670 1715 710 media
1739 669 1997 711 nimborum

373 741 415 781 in
439 745 562 781 nocte
594 757 611 776 υ
635 752 642 784 2
675 738 790 779 Aen.
819 737 851 789 l,
877 736 931 778 89
956 741 1133 792 «ponto
1162 749 1250 776 nox
1273 734 1452 776 incubat
1481 740 1580 776 atra
1603 752 1641 776 ».

430 805 515 848 173
549 802 756 845 Formido
785 815 792 844 :
825 802 864 842 la
896 801 1063 842 crainte
1098 805 1165 841 est
1198 800 1522 857 personnifie'e;
1558 813 1746 856 passage
1771 798 1895 841 imite
1919 814 1999 856 par

375 869 542 926 Virgile
569 869 683 910 Aen.
715 867 814 919 XII,
842 866 925 907 335
951 883 969 904 «
1002 866 1263 920 circumque
1297 870 1426 906 atrae
1453 864 1729 906 Formidinis
1757 878 1849 916 ora,
1876 865 1999 905 Irae-

372 950 474 992 que,
527 934 826 988 Insidiaeque,
870 931 939 972 dei
980 931 1235 983 comitatus,
1274 936 1478 985 ayuntur
1520 942 1566 981 »3
1609 928 1664 971 cf.
1708 928 1872 985 Georg.
1918 928 1997 981 ΙΙΙ,

374 1000 451 1041 551
483 1015 581 1056 sqq.
619 1016 638 1037 «
740 1003 779 1039 et
809 998 853 1038 in
882 995 1020 1037 lucem
1049 995 1224 1051 Styqiis
1261 995 1420 1036 emissa
1456 994 1648 1036 tenebris
1681 993 1859 1036 Pallida
1891 994 2001 1035 Tisi-

368 1065 516 1121 phone
551 1065 734 1105 Morbos
761 1063 856 1118 aqit
882 1067 983 1102 ante
1017 1061 1283 1116 Metumque
1313 1060 1459 1116 Inque
1486 1060 1577 1101 dies
1598 1060 1789 1101 auidum
1812 1073 2001 1116 surqens

374 1136 506 1185 caput
530 1129 667 1171 altius
692 1132 821 1184 effert
853 1145 889 1168 ».

434 1195 626 1239 176-178
659 1193 726 1235 Cf.
760 1192 814 1233 62
837 1207 936 1248 sqq.
968 1209 986 1229 α
1013 1191 1146 1231 Nunc
1173 1205 1268 1246 aqe,
1295 1205 1385 1247 quo
1408 1196 1530 1232 motu
1557 1189 1772 1246 qenitalia
1799 1189 2004 1230 materiai

377 1261 573 1315 Corpora
622 1274 689 1300 res
728 1258 877 1299 uarias
920 1256 1115 1312 [liquant
1122 1289 1287 1298 .........
1333 1270 1538 1312 quaeque
1573 1256 1630 1296 sit
1677 1255 1774 1296 ollis
1814 1255 2003 1295 Reddita

378 1325 603 1367 mobilitas
642 1337 857 1379 maqnum
880 1336 964 1378 per
999 1321 1127 1362 inane
1157 1321 1350 1373 meandi,
1393 1321 1645 1376 Eoepediam
1672 1333 1685 1362 .·
1718 1326 1764 1361 tu
1805 1326 1843 1361 te
1877 1319 2005 1360 dictis

370 1391 589 1447 praebere
618 1393 839 1430 memento
868 1404 905 1438 »,
937 1391 980 1427 et
1013 1385 1070 1438 II,
1104 1385 1186 1428 142
1215 1400 1314 1442 sqq.
1349 1403 1367 1424 «
1400 1386 1534 1427 Nunc
1558 1399 1673 1442 quae
1701 1385 1926 1426 mobilitas
1950 1385 2005 1425 sit

377 1456 551 1497 reddita
602 1453 807 1495 materiai
865 1451 1155 1506 Corporibus,
1203 1452 1361 1506 paucis
1417 1450 1516 1492 licet
1575 1450 1678 1491 hinc
1729 1464 2004 1505 eoqnoscere,

376 1521 564 1562 Memmi
591 1538 628 1561 ›>.

437 1586 519 1629 177
555 1585 656 1627 ollis
681 1596 688 1626 :
721 1583 860 1624 forme
879 1582 933 1623 de
961 1596 1149 1638 pronom
1177 1580 1410 1638 frequente
1432 1581 1542 1623 dans
1570 1581 1743 1623 Ennius
1764 1581 1905 1632 Ann.,
1934 1578 2004 1631 33,

380 1651 479 1704 119,
505 1650 606 1703 555,
635 1648 736 1701 624,
761 1654 805 1690 et
828 1647 994 1703 reprise
1022 1662 1101 1703 par
1122 1646 1290 1703 Virgile
1316 1647 1431 1688 Aen.
1458 1647 1491 1699 I,
1522 1645 1623 1688 254.
1649 1644 1716 1688 Cf.
1749 1645 1870 1687 olim.

437 1716 522 1760 178
556 1715 729 1757 reddita
759 1713 817 1755 sit
837 1733 894 1748 z
918 1713 1023 1753 data
1055 1712 1140 1763 siff,
1186 1716 1311 1753 outre
1337 1711 1403 1753 les
1433 1711 1663 1768 exemples
1697 1711 1807 1752 cites
1831 1726 1873 1752 v,
1907 1708 2005 1760 170,

379 1781 433 1824 ef.
464 1782 519 1833 ΙΙ,
543 1779 735 1822 757-758
757 1797 775 1818 «
807 1813 833 1822 ..
854 1778 891 1819 si
920 1777 1048 1818 nulla
1067 1777 1474 1832 colorisprincipiis
1489 1783 1552 1818 est
1571 1777 1758 1817 Reddita
1783 1781 1945 1817 natura
1968 1792 2005 1815 n.

440 1848 500 1889 La
525 1844 831 1888 construction
861 1848 1036 1884 teratur
1067 1842 1119 1883 de
1151 1841 1385 1884 Fontanus
1407 1847 1475 1884 est
1501 1841 1841 1897 generalement
1869 1840 2009 1896 adop-

381 1917 466 1965 tee,
498 1912 610 1953 mais
638 1910 722 1952 elle
744 1910 883 1951 forme
904 1923 991 1949 une
1009 1906 1208 1948 locution
1235 1906 1405 1949 bizarre
1433 1912 1477 1949 et
1503 1906 1822 1950 embarrasse'ze.

440 1978 524 2019 Sur
550 1976 807 2019 l'antithese
830 1974 960 2029 lonqo
984 1973 1126 2028 spatio
1151 1973 1301 2014 breuis
1331 1972 1455 2024 hora,
1482 1972 1537 2014 ef.
1570 1988 1613 2014 v,
1646 1971 1687 2014 8.

439 2043 524 2086 179
558 2042 602 2083 in
627 2056 760 2098 quem
784 2053 986 2097 quaeque
1014 2037 1164 2078 locum
1192 2051 1199 2080 :
1231 2036 1286 2079 cf.
1320 2039 1353 2086 I,
1385 2036 1469 2080 906
1495 2056 1513 2076 «
1552 2037 1697 2093 Vsque
1723 2037 1845 2088 adeo,
1875 2050 2010 2092 quem

382 2109 573 2165 quisque
602 2107 747 2148 locum
776 2104 991 2162 possedit,
1033 2103 1077 2143 in
1111 2103 1255 2144 omnis
1286 2103 1584 2144 Tantumdem
1605 2103 1753 2157 partis
1782 2101 2011 2155 infinitum

381 2189 509 2216 omne
534 2172 753 2228 relinquit
776 2188 814 2222 η,
836 2174 880 2212 et
903 2185 946 2211 V.
969 2167 1070 2210 962.
1104 2166 1243 2216 Quem
1272 2172 1341 2210 est
1368 2182 1619 2224 synonyme
1645 2167 1698 2209 de
1719 2181 2008 2223 quemquem.

442 2238 527 2282 180
561 2237 803 2279 suauidicis
829 2249 836 2279 z
864 2235 1058 2277 Lucrece
1087 2233 1279 2289 emploie
1305 2233 1571 2275 d'ordinaire
1594 2232 1929 2287 suauiloquens,
1954 2230 2008 2273 ef.

382 2304 436 2345 20
461 2309 505 2345 et
526 2308 644 2345 note.
677 2302 737 2345 Ce
764 2307 871 2357 type
893 2298 1142 2355 d'adjeetifs
1171 2303 1421 2356 compose's,
1453 2298 1617 2340 formes
1644 2297 1704 2339 du
1734 2297 1880 2339 theme
1908 2296 2014 2338 d’un

381 2385 487 2411 nom
514 2384 571 2410 ou
598 2368 702 2409 d'un
730 2365 913 2423 adjectis
947 2370 990 2406 et
1025 2363 1131 2405 d'un
1168 2364 1315 2405 theme
1348 2363 1501 2405 verbal
1525 2378 1581 2404 au
1605 2363 1738 2420 degre
1764 2361 1912 2403 reduit
1936 2360 2010 2420 (cf.

381 2435 640 2476 suauidiws
673 2448 726 2474 en
761 2432 855 2473 face
891 2431 943 2472 de
975 2430 1087 2478 dico,
1117 2430 1412 2485 fluctifraqus
1447 2444 1501 2470 en
1536 2428 1629 2470 face
1666 2428 1720 2470 de
1753 2426 1911 2484 fraqi),
1947 2431 2015 2468 est

382 2515 505 2541 assez
536 2498 736 2556 repandu
756 2498 868 2538 dans
895 2497 937 2537 la
964 2495 1127 2549 langue
1157 2495 1396 2551 aroha'ique
1423 2508 1430 2537 :
1462 2494 1560 2535 voir
1580 2493 1768 2535 Grenier
1793 2492 1878 2534 cite
1903 2491 2015 2533 dans

384 2565 426 2606 la
461 2570 565 2606 note
601 2564 660 2605 du
696 2580 738 2605 V.
777 2563 848 2606 20.
893 2562 1084 2603 Lucreee
1122 2559 1327 2616 emploie,
1370 2576 1412 2603 v,
1448 2558 1548 2611 5582,
1584 2559 1848 2614 noctiuaqus
1880 2555 2015 2614 qu'on

385 2635 589 2672 retrouve
619 2630 672 2679 V,
710 2627 845 2679 11913
889 2642 931 2668 v.
965 2623 1094 2675 1071,
1140 2625 1407 2680 uolfsiuaqus
1439 2642 1447 2673 ς
1486 2625 1797 2680 fluctifraqus,
1835 2622 1868 2672 I,
1912 2621 2013 2673 305,

386 2696 687 2749 tnontiuaqus,
723 2695 755 2745 I,
785 2692 865 2734 404
903 2688 1139 2739 ueliuolus,
1163 2689 1215 2741 V,
1242 2689 1354 2730 1442
1375 2688 1628 2747 (emprunte
1653 2688 1871 2729 d'Ennius
1890 2687 2012 2729 Ann.

387 2760 487 2813 388,
516 2760 587 2802 Sc.
620 2759 710 2815 79),
752 2758 976 2800 ueridicus
1003 2755 1080 2807 VI,
1114 2754 1184 2797 24.
1218 2755 1276 2796 La
1307 2754 1439 2796 breve
1469 2755 1521 2796 de
1548 2754 1834 2810 uolqiuaqus,
1865 2755 2017 2809 flucti-

386 2830 563 2883 fraqus,
592 2830 696 2878 etc„
724 2838 893 2881 prouve
918 2822 1025 2880 qu'il
1046 2838 1101 2865 ne
1126 2822 1219 2863 faut
1240 2836 1319 2877 pas
1341 2820 1443 2861 voir-
1466 2820 1578 2861 dans
1602 2819 1642 2860 16
1666 2818 1856 2876 premier
1878 2822 2018 2860 terme

388 2893 464 2933 des
489 2894 722 2947 composes
744 2904 804 2930 un
831 2888 1005 2945 genitis,
1035 2887 1147 2929 mais
1168 2900 1256 2928 une
1290 2885 1429 2927 forme
1457 2885 1517 2926 du
1541 2885 1716 2935 theme3
1749 2883 2017 2940 uolqiuaqus

387 2956 594 3013 provient
621 2955 675 2996 (16
703 2954 717 2969 *
736 2954 1042 3010 uolyo-uaqos,
1070 2967 1176 2995 avec
1203 2966 1393 3009 passage
1420 2950 1614 3007 regulier
1640 2949 1693 2991 de
1718 2955 1741 2988 ὤ
1762 2955 1785 2989 ἐι
1814 2954 1903 2989 ῖ611
1929 2946 2020 3003 syl-

388 3020 759 3071 1(11)61111(’·1·16111·6,
790 3018 845 3061 ef.
877 3019 1179 3061 Niedermann
1204 3016 1483 3072 Phonetique
1506 3016 1609 3057 hist.
1639 3014 1698 3055 du
1728 3014 1825 3067 lat„
1848 3016 1869 3067 ᾗ
1894 3012 1946 3053 10
1972 3012 2015 3054 d.

390 3087 510 3127 Pom·
544 3086 862 3141 suauiloquens
887 3090 931 3127 et
956 3084 1231 3132 suauidicus,
1260 3081 1314 3123 cf.
1344 3081 1590 3122 ueliuolans
1624 3078 1843 3121 d'Ennius
1865 3077 1935 3120 Sc.
1965 3076 2017 3117 67

389 3167 441 3192 en
473 3150 564 3192 face
590 3151 642 3192 de
673 3150 907 3191 ueliuolus.
