2242 3595
341 218 396 260 26
455 233 494 260 T.
531 230 704 260 LVCRETI
738 229 846 257 CARI.
883 239 938 244 —
972 226 1023 254 DE
1057 225 1199 253 RERVM
1232 223 1417 252 NATVRA.
1455 222 1575 250 LIBER
1607 221 1800 256 QVARTVS

503 331 734 372 Postremo
763 325 955 383 speculis
982 324 1028 365 in
1048 338 1163 381 aqua
1188 321 1514 379 splendoreque
1534 320 1579 362 in
1604 320 1726 362 omni

503 407 806 451 quaecumque
831 394 1048 447 apparent
1074 387 1204 430 nobis
1225 387 1479 439 simulacra,
1508 392 1752 441 necessest,

499 457 860 516 quandoquidem
883 453 1019 496 simili
1041 453 1188 511 specie
1216 456 1321 493 sunt
1345 451 1547 508 praedita
1571 467 1735 507 rerum,
1872 455 1953 497 100

501 539 553 565 ex
584 530 638 571 <
653 537 703 563 ea
721 529 775 571 >
803 519 1077 576 imaginibus
1105 517 1256 559 missis
1280 516 1524 558 consistere
1548 532 1711 559 rerum.

501 588 615 630 Sunt
638 587 776 643 igitur
789 581 955 628 Tenues
979 584 1147 625 formae
1174 597 1322 624 rerum
1343 581 1603 638 similesque
1869 585 1954 627 104

496 652 684 709 effigiae,
716 650 980 707 singillatim
1002 664 1113 706 quas
1140 662 1319 689 cernere
1342 662 1474 688 nemo
1868 650 1952 692 105

496 733 598 759 cum
620 716 778 774 possit,
805 720 955 757 tamen
983 713 1170 756 adsiduo
1200 712 1444 768 crebroque
1465 712 1649 768 repulsu

495 782 683 824 reiectae
710 781 904 822 reddunt
931 779 1216 836 speculorum
1238 793 1293 819 ex
1314 792 1506 834 aequore
1532 778 1698 831 uisum,

498 863 578 889 nec
605 847 775 889 ratione
802 845 889 887 alia
913 844 1081 886 seruari
1100 858 1232 899 posse
1258 842 1486 894 uidentur,

496 917 622 955 tanto
649 926 780 969 opere
807 916 856 952 ut
877 910 1047 951 similes
1070 908 1314 950 reddantur
1339 907 1500 964 cuique
1528 908 1712 965 figurae.

556 978 685 1019 Nunc
712 991 793 1032 age
818 991 952 1032 quam
970 973 1096 1016 tenui
1122 978 1283 1014 natura
1301 976 1476 1014 constet
1500 972 1647 1029 imago
1873 973 1955 1017 110

497 1042 689 1099 percipe.
717 1042 773 1083 Et
795 1041 841 1081 in
861 1039 1033 1097 primis,
1061 1038 1273 1095 quoniam
1298 1036 1540 1094 primordia
1566 1042 1742 1080 tantum

499 1113 604 1149 sunt
630 1106 743 1148 infra
769 1111 945 1148 nostros
970 1119 1129 1146 sensus
1151 1107 1366 1160 tantoque
1390 1102 1563 1145 minora

497 1188 631 1230 quam
656 1187 768 1229 quae
787 1171 981 1228 primum
1002 1169 1119 1211 oculi
1140 1172 1350 1224 coeptant
1376 1183 1465 1209 non
1492 1183 1624 1224 posse
1651 1168 1780 1222 tueri,

498 1253 615 1280 nunc
642 1242 793 1279 tamen
820 1236 864 1277 id
884 1250 1061 1293 quoque
1084 1234 1151 1276 uti
1177 1233 1455 1286 confirmem,
1477 1233 1658 1275 exordia
1679 1249 1830 1275 rerum
1873 1233 1955 1275 115

498 1307 759 1344 cunctarum
784 1316 919 1358 quam
944 1300 1034 1342 sint
1061 1299 1246 1355 suptilia
1274 1298 1451 1355 percipe
1471 1297 1641 1354 paucis.

498 1368 698 1410 Primum
722 1365 934 1408 animalia
963 1369 1068 1407 sunt
1091 1364 1180 1405 iam
1205 1363 1368 1419 partim
1392 1363 1581 1416 tantula,
1609 1378 1800 1420 quorum

495 1433 628 1475 tertia
648 1447 751 1489 pars
769 1431 893 1473 nulla
920 1430 1063 1487 possit
1090 1429 1260 1471 ratione
1287 1428 1443 1470 uideri.

499 1498 672 1540 Horum
699 1496 965 1538 intestinum
993 1494 1185 1552 quoduis
1207 1494 1336 1551 quale
1364 1508 1461 1535 esse
1482 1493 1777 1551 putandumst
1792 1494 1812 1535 ‘3

497 1563 605 1621 quid
626 1562 772 1604 cordis
799 1561 961 1618 globus
983 1565 1060 1602 aut
1086 1559 1237 1601 oculi?
1261 1559 1370 1616 quid
1388 1559 1618 1600 membra?
1639 1558 1746 1615 quid
1770 1560 1927 1601 artus?

498 1629 716 1685 quantula
739 1631 845 1669 sunt
861 1628 881 1668 ⁶?
908 1626 1017 1683 quid
1043 1630 1272 1682 praeterea
1292 1624 1536 1681 primordia
1557 1639 1758 1681 quaeque
1873 1623 1954 1666 120

498 1693 616 1735 unde
641 1693 790 1734 anima
815 1697 948 1749 atque
973 1690 1110 1733 animi
1138 1694 1312 1732 constet
1336 1693 1495 1731 natura
1518 1690 1835 1731 necessumst?

503 1774 652 1800 nonne
672 1757 800 1799 uides
824 1771 959 1815 quam
979 1756 1070 1798 sint
1096 1755 1280 1812 suptilia
1304 1770 1528 1812 quamque
1554 1754 1728 1797 minuta
1745 1756 1765 1797 ἰ)

500 1824 735 1865 Praeterea
757 1836 1065 1880 quaecumque
1091 1836 1170 1862 suo
1192 1820 1245 1861 de
1269 1835 1453 1877 corpore
1480 1820 1662 1861 odorem

502 1889 711 1945 expirant
734 1903 897 1940 acrem,
926 1902 1132 1943 panaces,
1160 1886 1387 1943 apsinthia
1409 1889 1566 1938 taetra,

496 1953 825 2010 habrotonique
851 1967 1029 2009 graues,
1060 1957 1104 1994 et
1124 1951 1271 1994 tristia
1297 1956 1551 2003 centaurea,
1871 1950 1953 1991 425

502 2034 692 2076 quorum
715 2033 856 2060 unum
883 2017 1064 2075 quiduis
1091 2017 1252 2058 leuiter
1270 2016 1307 2057 si
1328 2015 1440 2058 forte
1468 2015 1642 2057 duobus

1134 2170 1152 2191 >k

1113 2207 1173 2228 auc*

498 2322 606 2379 quin
630 2321 778 2378 potius
803 2335 963 2361 noscas
987 2334 1135 2361 rerum
1164 2318 1400 2360 simulacra
1420 2317 1576 2373 uagari

500 2387 640 2428 multa
663 2386 807 2427 modis
834 2385 989 2427 multis
1011 2384 1135 2426 nulla
1157 2384 1202 2424 ui
1224 2398 1441 2439 cassaque
1461 2398 1596 2424 sensu
1610 2384 1630 2425 ’ἲ

560 2451 666 2508 [Sed
688 2466 743 2492 ne
769 2449 880 2492 forte
903 2454 1032 2507 putes
1056 2465 1104 2491 ea
1128 2449 1306 2490 demum
1332 2447 1425 2490 sola
1449 2447 1620 2504 uagari,

500 2531 806 2573 quaecumque
836 2515 889 2556 ab
917 2514 1049 2556 rebus
1071 2530 1219 2556 rerum
1242 2513 1477 2555 simulacra
1504 2513 1735 2565 recedunt,
1877 2511 1960 2554 130

498 2588 603 2623 sunt
628 2582 763 2622 etiam
788 2596 900 2637 quae
925 2585 1084 2637 sponte
1113 2595 1189 2621 sua
1215 2579 1465 2635 gignuntur
1491 2583 1535 2620 et
1556 2579 1653 2634 ipsa

500 2646 837 2688 constituuntur
858 2645 903 2686 in
921 2646 1005 2687 hoc
1029 2645 1150 2687 caelo
1178 2644 1255 2702 qui
1282 2643 1445 2685 dicitur
1468 2658 1557 2695 aer,

365 2864 420 2891 101
442 2870 481 2890 ca
506 2859 586 2890 add.
608 2859 711 2889 Lolze
732 2858 864 2889 extima
889 2857 1008 2888 Munr.
1032 2857 1147 2888 excita
1166 2857 1292 2893 Lolze;
1309 2855 1374 2887 alii
1391 2855 1474 2886 alia.
1495 2865 1612 2886 rerum
1638 2855 1781 2886 Lachm.
1803 2866 1809 2886 :
1838 2865 1962 2886 eorum

325 2909 381 2945 OQ
467 2911 537 2944 102,
553 2910 609 2936 103
627 2920 666 2933 z
684 2909 733 2942 65,
749 2909 787 2934 66
805 2905 888 2936 secl.
906 2904 1062 2936 editores
1150 2906 1206 2934 104
1230 2904 1366 2934 formae
1385 2913 1501 2934 rerum
1530 2903 1737 2943 similesque
1752 2903 1960 2934 Pur-mann:

324 2956 518 2985 formarum
535 2953 797 2992 dissimilesque
817 2954 872 2989 OQ
891 2952 1087 2982 formarum
1107 2952 1176 2982 illis
1192 2951 1398 2991 similesque
1410 2951 1553 2981 Lachm.
1576 2951 1737 2991 Herna-qs
1760 2949 1876 2981 Giuss.
1899 2950 1967 2991 qui

323 3001 417 3040 conf.
444 3006 481 3030 69
511 3001 636 3031 soi-mai
660 3001 811 3039 figuram
834 3003 870 3029 87
891 3000 1086 3029 formarum
1119 2998 1271 3038 uestigia
1301 3002 1332 3028 51
1372 2998 1527 3038 speciem
1558 3008 1598 3028 ac
1625 2998 1775 3028 sormam
1796 3007 1803 3028 :
1826 2998 1963 3028 formae

321 3058 438 3079 rerum
467 3048 520 3078 his
556 3048 762 3086 similesque
799 3047 964 3087 Postgate
1052 3049 1109 3075 116
1143 3056 1296 3085 quorum
1331 3046 1519 3076 Purmann
1555 3055 1560 3075 :
1600 3053 1722 3075 eorum
1757 3044 1814 3081 OQ
1903 3046 1961 3075 118

322 3095 448 3126 harum
474 3094 529 3132 OQ
557 3093 755 3134 putandum
791 3093 817 3130 Q
903 3094 958 3123 121
998 3101 1144 3123 necesse
1176 3094 1231 3123 est
1255 3092 1281 3128 Q
1369 3091 1460 3122 126*
1492 3094 1550 3121 127
1585 3090 1750 3122 lacunam
1783 3089 1965 3122 indicauit

326 3140 491 3172 Heinsius
581 3140 718 3171 129-142
746 3138 887 3171 uncinis
916 3138 1000 3171 incl.
1019 3138 1097 3169 edd.
1189 3141 1244 3169 132
1275 3139 1309 3170 in
1342 3139 1409 3170 hoc
1435 3138 1522 3169 caeli
1553 3137 1717 3169 Cartana
