2242 3595
381 231 426 273 [ὃ
518 246 556 275 T.
587 244 759 273 LYCRETI
793 242 899 270 CARI.
930 252 987 258 —
1020 241 1071 268 DE
1105 241 1244 268 RERVM
1278 240 1460 268 NATVRA.
1492 240 1611 268 LIBER
1642 240 1832 286 QVARTVS

519 341 703 400 pioinde
729 340 858 397 quasi
885 339 1063 396 ignotas
1084 338 1220 380 facies
1242 343 1375 396 atque
1398 353 1473 380 ora
1494 342 1693 381 tuantur.
1887 337 2002 380 1004

522 408 554 449 E
560 412 573 447 t
600 421 687 462 quo
716 419 917 462 quaeque
945 404 1087 460 magis
1113 409 1219 446 sunt
1242 418 1387 460 aspei
1376 419 1399 444 a
1424 403 1732 456 seminiorum,
1890 402 2002 446 1005

518 457 611 513 ta’m
636 470 778 525 magis
806 469 851 510 in
878 469 1048 510 somnis
1073 469 1229 510 eadem
1256 468 1426 510 saeuire
1451 473 1746 511 necessumst

518 536 581 577 At
607 535 755 576 ualiae
778 534 959 590 fugiunt
985 534 1207 586 uolucres,
1232 533 1472 590 pinnisque
1497 537 1680 590 repente

519 600 763 641 sollicitant
790 599 943 641 diuom
963 604 1183 641 nocturno
1208 604 1409 654 tempore
1438 598 1579 647 lucos,

519 665 755 721 accipitres
781 679 939 706 somno
965 665 1010 705 in
1037 665 1128 706 leni
1147 665 1184 705 si
1208 663 1376 720 proelia
1401 679 1576 720 pugnas

518 731 647 772 edere
675 735 779 771 sunt
801 734 1105 786 persectantes
1126 729 1338 786 uisaeque
1363 728 1584 770 uolantes.
1890 727 2003 770 1010

520 796 657 838 Porro
680 795 913 836 hominum
942 799 1130 847 mentes,
1162 794 1337 850 magnis
1361 809 1473 850 quae
1498 793 1696 836 motibus
1720 792 1858 834 edunt

517 876 696 918 magna,
727 860 882 902 itidem
908 874 1038 916 saepe
1062 859 1108 900 in
1130 859 1299 900 somnis
1329 858 1588 915 faciuntque
1610 862 1859 915 geruntque
1891 871 1899 900 :

517 941 645 982 reges
669 930 946 981 expugnant,
970 925 1222 982 capiuntur,
1244 924 1414 981 proelia
1438 924 1644 976 miscent,

518 991 686 1032 tollunt
712 991 969 1041 clamorem,
993 990 1119 1046 quasi
1141 989 1177 1031 si
1201 989 1475 1046 iugulentur,
1503 988 1688 1030 ibidem.

519 1055 652 1098 Multi
676 1055 937 1112 depugnant
961 1055 1245 1111 gemitusque
1266 1053 1497 1096 doloribus
1521 1053 1675 1106 edunt,
1891 1052 2002 1094 1015

521 1126 565 1162 et
589 1120 717 1178 quasi
736 1120 978 1176 pantherae
1004 1135 1156 1161 morsu
1185 1119 1364 1162 saeuiue
1389 1118 1532 1161 leonis

519 1186 807 1238 mandantur,
838 1186 1013 1242 magnis
1034 1185 1306 1227 clamoribus
1330 1185 1478 1226 omnia
1507 1184 1749 1241 complent.

519 1251 653 1293 Multi
681 1251 734 1292 de
758 1251 934 1307 magnis
955 1266 1033 1308 per
1054 1266 1263 1293 somnum
1287 1250 1408 1292 rebu‘
1432 1250 1675 1307 loquontur

521 1316 775 1373 indicioque
797 1316 866 1357 sui
894 1316 999 1358 facti
1023 1331 1237 1372 persaepe
1264 1316 1401 1358 fuere.

518 1381 652 1423 Multi
679 1386 870 1423 mortem
897 1381 1078 1423 obeunt.
1110 1381 1260 1435 Multi,
1294 1381 1347 1422 de
1375 1379 1604 1423 montibus
1631 1379 1734 1422 altis
1890 1379 2002 1421 1020

516 1452 565 1489 ut
593 1446 669 1504 qui
701 1446 996 1503 praecipitent
1024 1447 1080 1488 ad
1107 1451 1271 1488 terram
1299 1461 1482 1502 corpore
1510 1451 1623 1497 toto,

518 1517 816 1565 exterrentur,
847 1517 890 1554 et
917 1527 971 1553 ex
997 1527 1155 1553 somno
1179 1512 1308 1568 quasi
1329 1511 1545 1553 mentibu'
1574 1510 1694 1567 capti

517 1578 593 1619 uix
621 1577 676 1618 ad
695 1593 740 1619 se
766 1577 951 1619 redeunt
972 1577 1163 1635 permoti
1192 1577 1391 1634 corporis
1418 1581 1561 1619 aestu.

520 1642 707 1684 Flumen
728 1643 837 1685 item
865 1643 1022 1684 sitiens
1040 1647 1116 1684 aut
1144 1642 1312 1684 fontem
1333 1647 1517 1699 propter
1537 1656 1778 1683 amoenum

516 1708 706 1761 adsidet,
734 1713 777 1750 et
798 1712 942 1750 totum
965 1723 1101 1765 prope
1123 1707 1325 1749 faucibus
1346 1713 1535 1764 occupat
1554 1721 1747 1749 amnem.
1887 1706 1999 1748 1025

520 1774 625 1815 Puri
647 1789 778 1830 saepe
798 1774 947 1816 lacum
970 1778 1153 1831 propter
1180 1773 1217 1815 si
1238 1789 1288 1815 ac
1310 1773 1428 1815 dolia
1451 1778 1575 1815 curta

518 1854 675 1880 somno
698 1839 895 1881 deuincti
920 1839 1108 1881 credunt
1126 1854 1172 1881 se
1189 1838 1404 1881 extollere
1424 1843 1615 1891 uestem,

518 1904 658 1945 totius
681 1919 885 1946 umorem
913 1909 1142 1946 saccatum
1166 1903 1353 1960 corpori'
1377 1903 1587 1953 fundunt,

517 1984 617 2010 cum
646 1968 920 2024 Babylonica
949 1969 1184 2025 magnifico
1210 1969 1450 2026 splendore
1472 1968 1688 2024 rigantur.

516 2034 630 2075 Tum
657 2034 819 2090 quibus
840 2034 1002 2076 aetatis
1029 2034 1141 2076 freta
1168 2034 1375 2090 primitus
1400 2033 1652 2075 insinuatur
1886 2032 1998 2075 1030

519 2115 685 2151 semen,
713 2099 790 2141 ubi
817 2100 913 2156 ipsa
934 2099 1029 2141 dies
1054 2099 1267 2141 membris
1295 2104 1466 2141 matura
1490 2099 1674 2152 creauit,

518 2165 794 2206 conueniunt
819 2165 1056 2206 simulacra
1080 2163 1186 2206 foris
1206 2180 1227 2206 e
1250 2180 1432 2222 corpore
1457 2179 1635 2221 quoque

518 2230 674 2271 nuntia
700 2230 915 2287 praeclari
939 2230 1090 2272 uoltus
1115 2229 1381 2287 pulchrique
1409 2229 1587 2282 coloris,

518 2295 593 2352 qui
620 2295 705 2337 ciet
730 2295 919 2337 inritans
940 2296 1037 2337 loca
1058 2295 1237 2351 turgida
1262 2295 1430 2336 semine
1452 2294 1613 2346 multo,

517 2365 581 2409 ut,
609 2360 738 2417 quasi
765 2361 1004 2402 transactis
1026 2376 1158 2417 saepe
1179 2360 1377 2402 omnibu’
1401 2360 1539 2410 rebu'‚
1570 2358 1844 2417 profundant
1890 2359 2002 2402 1035

517 2425 714 2466 fluminis
740 2426 938 2482 ingentis
963 2427 1141 2477 fluctus,
1166 2431 1429 2482 uestemque
1459 2430 1712 2468 cruentent.

575 2490 853 2532 Sollicitatur
877 2491 920 2531 id
948 2491 992 2531 in
1018 2491 1163 2543 nobis,
1195 2491 1313 2547 quod
1341 2490 1538 2532 diximus
1566 2496 1683 2544 ante,

518 2570 687 2608 semen,
716 2555 868 2597 adulta
889 2561 1012 2598 aetas
1035 2571 1137 2597 cum
1164 2555 1358 2612 primum
1388 2556 1567 2597 roborat
1587 2561 1726 2598 artus.

519 2620 723 2678 Namque
744 2621 854 2662 alias
882 2621 1002 2662 aliud
1025 2636 1094 2662 res
1117 2625 1371 2663 commouet
1395 2626 1528 2679 atque
1556 2621 1738 2663 lacessit
1759 2635 1767 2674 3

518 2701 570 2727 ex
595 2686 775 2727 homine
802 2686 1044 2728 humanum
1073 2701 1227 2728 semen
1249 2686 1333 2728 ciet
1360 2701 1448 2728 una
1471 2685 1665 2727 hominis
1692 2686 1776 2730 uis.
1892 2685 2003 2728 1040

413 2902 487 2929 1006
504 2900 691 2930 necessust
709 2899 734 2929 O
755 2909 759 2930 :
787 2901 953 2929 necesust
970 2901 995 2936 Q
1082 2903 1156 2929 1011
1180 2899 1339 2930 motibus
1358 2900 1446 2930 Mon.
1467 2909 1472 2929 :
1493 2900 1678 2930 montibus
1698 2900 1754 2938 OQ
1843 2903 1915 2931 1021
1939 2902 2002 2942 qui

371 2950 395 2975 1)
410 2956 415 2976 :
433 2947 533 2985 quasi
548 2948 604 2983 ζμ)
621 2956 715 2977 corr.
788 2950 861 2976 1022
876 2949 1104 2978 exterrentur
1121 2946 1221 2987 1111157.
1241 2949 1493 2977 :exterruntur
1509 2946 1565 2983 OQ
1583 2956 1588 2977 :
1607 2949 1842 2978 externautur
1858 2947 1999 2980 Lachm.

371 2997 446 3023 1026
478 2994 592 3023 iacun}
626 2994 681 3030 OQ
784 2994 832 3023 sei
852 2993 991 3024 Lachm.
1015 3004 1019 3024 :
1039 3004 1075 3024 se
1093 2994 1149 3030 OQ
1240 2997 1312 3024 1031
1342 2995 1400 3033 qui
1424 2993 1542 3025 anh.
1569 3004 1574 3023 z
1597 3005 1686 3034 quac
1707 2994 1764 3031 OQ
1853 2998 1929 3024 1035)
1962 2998 1999 3026 ut

370 3035 456 3064 Mar.
492 3045 496 3064 :
529 3038 561 3065 ct
592 3037 648 3071 HQ
738 3038 817 3065 ’1030
838 3038 1029 3066 cruentcnt
1057 3036 1067 3066 l
1092 3038 1128 3065 51¹!
1156 3046 1162 3066 ;
1197 3038 1361 3066 cruentet
1403 3038 1459 3071 (to
1550 3038 1622 3065 1037
1650 3037 1685 3066 in
1716 3035 1797 3067 add.
1821 3036 1830 3066 l
1857 3038 1892 3065 31
1925 3040 1999 3067 1038

371 3082 650 3116 .ἰ(1011ι11χ1(·ωιϊ.
682 3082 823 3111 :aduita
845 3084 870 3116 (J
890 3083 999 3113 vtuita
1022 3086 1047 3109 Η
2026 3078 2028 3082 ¹
