2242 3595
376 237 430 279 78
523 251 559 278 T.
598 248 771 278 mmmm
805 247 911 276 000.
944 260 1000 264 —-
1026 247 1078 275 DE
1111 246 1253 274 RERVM
1288 245 1469 274 NATVRA.
1502 245 1621 272 mssER
1654 243 1846 280 QVARTVS

492 348 620 400 Quod
648 346 782 388 simul
810 350 943 403 atque
973 345 1065 386 suis
1089 345 1282 386 eiectum
1310 342 1491 385 sedibus
1518 340 1626 395 exit,

491 428 567 469 per
595 411 793 453 membra
818 415 951 467 atque
979 415 1102 452 artus
1125 409 1299 450 decedit
1320 423 1502 466 corpore
1531 413 1625 450 toto

491 457 653 517 1010οᾶ
675 476 946 517 conueniens
967 489 1207 516 neruorum
1234 477 1369 526 certa,
1394 473 1569 530 cietque

492 541 702 583 continuo
730 540 869 597 partis
889 539 1099 595 genitalis
1123 539 1322 596 corporis
1344 538 1481 595 ipsas.

492 606 676 648 Inritata
698 610 874 648 tument
899 605 995 647 loca
1016 605 1201 657 semine,
1232 605 1369 661 fitque
1396 604 1607 645 uoluntas
1833 599 1835 602 ’
1892 601 2004 643 1045

493 671 631 712 eicere
653 671 697 711 id
724 686 811 727 quo
835 686 880 712 se
905 670 1137 712 contendit
1160 670 1254 711 dira
1280 669 1450 720 lubido,

494 735 627 793 idque
654 735 768 793 petit
793 751 970 793 corpus,
992 751 1120 777 mens
1147 734 1266 776 unde
1293 739 1362 776 est
1383 733 1532 775 saucia
1557 747 1721 775 amore.
1895 731 2006 775 1048

494 801 698 858 Namque
719 816 876 842 omnes
900 801 1164 857 plerumque
1191 800 1356 841 cadunt
1382 800 1429 840 in
1452 799 1632 851 uolnus,
1663 803 1707 840 et
1734 797 1860 839 illam

494 866 656 908 emicat
682 866 727 907 in
751 870 926 923 partem
953 866 1137 921 sanguis
1161 865 1279 906 unde
1303 864 1463 906 icimur
1488 864 1594 916 ictu,
1894 862 2006 904 1050

496 936 539 973 et
566 931 603 973 si
625 931 875 972 comminus
904 936 987 983 est,
1016 931 1193 972 hostem
1219 930 1352 971 ruber
1373 933 1561 986 occupat
1578 944 1723 973 umor.

496 996 567 1038 Sic
591 996 727 1053 igitur
753 996 940 1037 Veneris
963 996 1038 1053 qui
1061 996 1164 1038 telis
1191 995 1354 1052 accipit
1377 995 1509 1047 ictus,

497 1062 591 1103 siue
619 1077 730 1118 puer
749 1060 963 1102 membris
982 1061 1278 1102 muliebribus
1297 1061 1414 1102 hunc
1435 1060 1670 1111 iaculatur,

498 1142 577 1168 seu
601 1126 761 1168 mulier
781 1131 875 1168 toto
897 1126 1068 1168 iactans
1090 1142 1111 1168 e
1134 1141 1317 1182 corpore
1345 1140 1557 1178 amorem,

495 1192 613 1233 unde
641 1191 811 1243 feritur,
842 1207 895 1233 eo
916 1191 1061 1233 tendit
1085 1191 1311 1249 gestitque
1332 1191 1449 1233 coire
1900 1188 2011 1230 '1055

499 1261 542 1298 et
568 1257 710 1299 iacere
736 1272 939 1298 umorem
959 1256 1005 1298 in
1029 1271 1189 1313 corpus
1217 1257 1271 1297 de
1298 1271 1480 1313 corpore
1501 1255 1687 1297 ductum
1717 1268 1726 1297 :

498 1337 690 1379 namque
717 1321 997 1377 uoluptatem
1024 1322 1249 1378 praesagit
1273 1326 1396 1363 muta
1425 1320 1602 1378 cupido,

559 1387 679 1428 Haec
706 1387 860 1428 Venus
883 1391 951 1427 est
972 1386 1102 1427 nobis
1126 1400 1135 1438 3
1162 1386 1265 1428 hinc
1288 1390 1485 1428 autemst
1508 1400 1673 1427 nomen
1698 1384 1879 1436 amoris,

500 1451 604 1493 hinc
627 1451 755 1493 illaec
783 1451 977 1507 primum
996 1451 1184 1493 Veneris
1209 1451 1459 1493 dulcedinis
1480 1450 1525 1491 in
1550 1466 1625 1492 cor

499 1516 688 1559 stillauit
709 1522 839 1573 gutta
865 1522 909 1558 et
935 1517 1152 1558 successit
1180 1517 1339 1573 frigida
1372 1532 1492 1558 cura.
1902 1513 2014 1556 1060

500 1583 617 1624 Nam
639 1582 676 1623 si
699 1582 825 1623 abest
852 1582 971 1639 quod
996 1597 1135 1635 ames,
1159 1587 1337 1639 praesto
1366 1582 1603 1623 simulacra
1628 1585 1778 1623 tamen
1803 1585 1910 1622 sunt

498 1647 638 1701 illius,
663 1652 706 1689 et
728 1663 894 1689 nomen
916 1647 1044 1689 dulce
1063 1647 1327 1690 obuersatur
1353 1648 1409 1689 ad
1431 1647 1565 1689 auris.

499 1713 586 1755 Sed
608 1712 799 1769 fugitare
823 1713 951 1754 decet
977 1713 1231 1766 simulacra,
1262 1718 1306 1755 et
1336 1713 1498 1770 pabula
1523 1711 1688 1754 amoris

500 1778 747 1820 absterrere
775 1778 876 1831 sibi,
899 1781 1033 1835 atque
1057 1778 1143 1820 alio
1172 1783 1431 1820 conuertere
1466 1782 1680 1829 mentem,

499 1849 544 1885 et
564 1843 705 1885 iacere
731 1859 934 1885 umorem
960 1843 1214 1885 conlectum
1241 1844 1287 1885 in
1315 1859 1500 1900 corpora
1528 1858 1745 1900 quaeque,
1903 1841 2016 1884 1065

500 1924 581 1950 nec
602 1909 810 1961 retinere,
839 1908 976 1950 semel
1004 1924 1272 1951 conuersum
1295 1910 1429 1950 unius
1457 1924 1623 1961 amore,

505 1980 550 2016 et
576 1990 753 2016 seruare
776 1974 860 2015 sibi
882 1989 1032 2016 curam
1054 1979 1314 2032 certumque
1340 1974 1555 2017 dolorem.

500 2039 639 2081 Vlcus
664 2040 782 2081 enim
808 2040 1001 2081 uiuescit
1022 2044 1065 2081 et
1092 2040 1381 2082 inueterascit
1405 2039 1581 2091 alendo⁷

502 2105 635 2162 inque
656 2105 750 2147 dies
775 2105 925 2161 gliscit
946 2104 1066 2146 furor
1092 2110 1225 2162 atque
1250 2120 1461 2147 aerumna
1489 2104 1728 2161 gmuescst,

503 2170 540 2211 si
564 2186 655 2212 non
678 2170 820 2228 prima
845 2170 974 2212 nouis
993 2170 1233 2212 conturbes
1261 2171 1445 2212 uolnera
1470 2170 1633 2227 plagis,
1906 2168 2017 2210 1070

502 2236 829 2293 uolgiuagaque
857 2251 1000 2293 uagus
1027 2235 1199 2278 Venere
1224 2241 1327 2278 ante
1350 2236 1543 2277 recentia
1563 2251 1707 2287 cureS,

504 2306 581 2343 aut
601 2301 687 2342 alio
708 2302 854 2357 possis
881 2302 1019 2343 animi
1040 2302 1271 2343 traducere
1297 2307 1461 2344 motus.

563 2367 655 2409 Nec
678 2367 864 2408 Veneris
892 2367 1041 2409 fructu
1068 2372 1187 2409 caret
1215 2367 1252 2408 is
1274 2367 1348 2424 qui
1374 2367 1489 2410 uitat
1509 2382 1724 2419 amorem,

506 2433 584 2474 sed
611 2432 761 2489 potius
789 2448 902 2490 quac
931 2438 1036 2474 sunt
1063 2433 1157 2474 sine
1186 2448 1328 2489 poena
1355 2433 1590 2474 commoda
1611 2432 1762 2474 sumit.

505 2497 619 2539 Nam
640 2503 758 2539 certe
779 2503 936 2554 purast
961 2498 1084 2540 sanis
1109 2499 1253 2553 magis
1276 2498 1378 2539 inde
1393 2498 1605 2554 uoluptas
1908 2495 2019 2537 1075

507 2579 641 2621 quam
663 2563 852 2605 miseris.
885 2564 1063 2605 Etenim
1092 2563 1297 2620 potiundi
1325 2568 1524 2620 tempore
1552 2563 1596 2604 in
1618 2563 1715 2620 ipso

509 2630 691 2670 fluctuat
721 2629 903 2672 incertis
929 2629 1154 2671 erroribus
1173 2629 1304 2671 ardor
1327 2634 1574 2681 amantum,

507 2709 588 2735 nec
612 2699 789 2736 constat
816 2694 922 2751 quid
950 2694 1146 2751 primum
1171 2694 1312 2736 oculis
1341 2693 1636 2751 manibusque
1662 2692 1881 2736 fruantur.

508 2760 638 2809 Quod
661 2760 843 2816 petiere,
874 2766 1085 2817 premunt
1110 2766 1203 2802 arte
1232 2759 1490 2816 faciuntque
1513 2759 1712 2801 dolorem

509 2825 724 2881 corporiS,
755 2830 797 2866 et
831 2825 987 2867 dentes
1008 2825 1204 2867 inlidunt
1228 2840 1358 2881 saepe
1379 2824 1569 2875 labellis,
1911 2823 2022 2866 1080

439 3005 510 3032 10ἱῖ
532 3017 568 3029 μ
597 3005 669 3033 1034
689 3003 772 3034 secl.
793 3003 945 3033 editores
1013 3005 1089 3032 1057
1113 3006 1209 3034 mula
1230 3004 1255 3033 Ο
1282 3013 1287 3033 ;
1312 3003 1424 3033 multa
1443 3006 1468 3039 (J
1557 3006 1633 3032 1059
1658 3002 1758 3034 illaec
1778 3005 1803 3033 t)
1822 3012 1916 3033 corr.
1938 3011 1944 3032 ε
1966 3001 2023 3032 illc

394 3052 419 3078 l)
447 3060 451 3080 :
490 3051 543 3080 illa
581 3054 606 3087 Q
696 3054 767 3080 1001
807 3052 996 3087 munstlmt
1036 3059 1159 3081 ames:
1195 3061 1280 3081 aues
1312 3050 1453 3081 Laclam.
1544 3054 1621 3081 1065
1656 3050 1858 3081 conlectum
1894 3050 2022 3081 Junt.:

393 3097 596 3128 coniectum
626 3100 682 3134 OQ
772 3100 848 3127 1063
871 3097 970 3128 ulcus
991 3098 1015 3128 O
1033 3107 1126 3128 corr.
1150 3106 1155 3127 t
1177 3097 1277 3128 uicus
1291 3099 1349 3134 OQ
