2242 3595
409 245 463 288 50
557 259 593 286 T.
633 257 807 286 mer-Eri
841 255 950 284 CAm.
987 267 1045 271 —-
1081 252 1133 280 DE
1160 253 1303 282 RERVM
1337 251 1520 282 NATvnA.
1559 252 1678 282 Lmen
1705 252 1898 289 QVARTVS

580 355 804 411 asperiora
833 353 949 394 foras
977 352 1188 407 gradiens
1218 351 1377 393 arteria
1399 351 1582 403 clamor,

579 420 741 477 quippe
769 433 848 474 per
868 421 1109 473 angustum
1128 416 1259 458 turba
1280 416 1447 458 maiore
1468 421 1619 458 coorta
1946 415 2030 457 530

570 485 631 525 ire
656 484 773 524 foras
790 482 866 524 ubi
895 487 1141 538 coeperunt
1159 481 1403 538 primordia
1428 496 1608 533 uocum,

579 549 747 590 scilicet
774 547 966 604 expletis
996 562 1173 603 quoque
1196 547 1327 588 ianua
1349 546 1520 588 raditur
1540 545 1645 587 oris.

578 613 709 655 Haud
726 613 863 669 igitur
884 611 1116 653 dubiumst
1136 611 1244 668 quin
1264 626 1398 652 uoces
1416 611 1644 668 uerbaque
1672 615 1881 652 constent

577 679 801 735 corporeis
824 694 845 719 e
871 677 1116 734 principiis,
1145 682 1194 718 ut
1212 677 1386 718 laedere
1415 676 1605 733 possint.

576 745 668 786 Nec
689 750 732 785 te
761 743 876 784 fallit
900 743 1007 784 item
1030 742 1138 800 quid
1159 742 1356 798 corporis
1384 741 1554 783 auferat
1575 746 1617 783 et
1640 741 1748 799 quid
1937 739 2021 781 535

575 809 778 851 detrahat
801 824 854 849 ex
879 808 1111 848 hominum
1136 807 1287 848 neruis
1308 822 1357 847 ac
1377 806 1550 847 uiribus
1568 806 1679 863 ipsis

576 879 819 931 perpetuus
840 888 984 914 sermo
1006 872 1150 928 nigrai
1178 872 1323 913 noctis
1346 872 1401 912 ad
1425 871 1631 914 umbram

578 954 761 981 aurorae
780 939 1023 995 perductus
1045 936 1100 978 ab
1120 937 1348 978 exoriente
1369 936 1531 989 nitore,

575 1004 839 1061 praesertim
865 1003 901 1044 si
929 1018 1031 1044 cum
1053 1007 1276 1043 summost
1295 1001 1490 1043 clamore
1510 1001 1737 1058 profusus.

578 1071 695 1126 Ergo
715 1083 970 1125 corpoream
996 1083 1153 1109 uocem
1178 1073 1383 1109 constare
1407 1072 1651 1119 necessest,
1948 1064 2032 1106 540

578 1135 720 1177 multa
741 1135 929 1190 loquens
951 1133 1162 1190 quoniam
1190 1133 1357 1174 amittit
1378 1132 1431 1174 de
1453 1148 1636 1190 corpore
1663 1138 1850 1189 partem.

577 1200 813 1258 Asperitas
839 1204 989 1241 autem
1015 1198 1139 1240 uocis
1160 1198 1210 1240 fit
1236 1197 1291 1239 ab
1318 1198 1558 1254 asperitate
1918 1201 2039 1258 [551]

567 1265 905 1323 principiorum,
931 1268 974 1305 et
1001 1264 1110 1305 item
1133 1264 1257 1305 leuor
1277 1263 1428 1304 leuore
1453 1268 1641 1305 creatur.
1917 1266 2037 1323 [525]

578 1331 671 1372 Nec
697 1330 832 1371 simili
859 1334 1096 1386 penetrant
1120 1329 1240 1370 auris
1268 1328 1510 1385 primordia
1531 1328 1687 1381 forma,
1915 1331 2034 1388 [542]

577 1411 679 1436 cum
701 1394 808 1436 tuba
832 1394 1042 1450 depresso
1069 1393 1266 1449 grauiter
1284 1393 1367 1434 sub
1390 1408 1617 1434 murmure
1645 1394 1788 1450 mugit
1809 1394 1893 1436 545
1912 1395 2032 1453 [543]

579 1466 623 1502 et
645 1461 799 1502 reboat
826 1475 1009 1501 raucum
1034 1459 1155 1515 regio
1184 1459 1268 1500 cita
1295 1458 1481 1500 barbara
1510 1458 1739 1513 bombum,

579 1531 623 1568 et
646 1526 808 1567 ualidis
829 1524 958 1581 cycni
985 1524 1261 1566 torrentibus
1283 1539 1338 1565 ex
1360 1524 1589 1565 Heliconis

580 1608 681 1633 cum
708 1591 926 1648 liquidam
951 1589 1118 1631 tollunt
1139 1588 1317 1645 lugubri
1341 1605 1451 1630 uoce
1473 1589 1718 1647 querelam.

579 1658 723 1698 Hasce
746 1656 881 1713 igitur
908 1655 1088 1711 penitus
1110 1669 1245 1696 uoces
1270 1670 1369 1695 cum
1398 1670 1581 1711 corpore
1602 1660 1757 1696 nostro

577 1721 871 1778 exprimimus
899 1725 1108 1776 rectoque
1127 1719 1248 1778 foras
1273 1719 1520 1761 emittimus
1542 1736 1631 1769 ore,
1787 1721 1871 1763 550
1907 1721 2034 1778 [548]

578 1787 757 1828 mobilis
778 1785 985 1828 articulat
1009 1785 1249 1826 uerborum
1274 1784 1460 1827 daedala
1491 1785 1663 1842 lingua,
1910 1786 2029 1843 [549]

576 1853 909 1909 formaturaque
931 1850 1158 1892 labrorum
1183 1866 1262 1907 pro
1282 1855 1406 1906 parte
1428 1850 1606 1906 figurat.
1913 1851 2032 1908 [550]

578 1918 673 1958 Hoc
693 1916 769 1958 ubi
796 1931 885 1957 non
907 1916 1092 1971 longum
1115 1915 1355 1971 spatiumst
1380 1915 1497 1956 unde
1518 1931 1606 1956 una
1630 1915 1829 1972 profecta

577 1982 807 2039 perueniat
833 1997 919 2023 uox
942 1995 1160 2037 quaeque,
1189 1985 1417 2021 necessest
1438 1980 1575 2022 uerba
1602 1996 1779 2038 quoque
1812 1981 1909 2038 ipsa

575 2047 706 2104 plane
729 2047 929 2088 exaudiri
948 2045 1229 2102 discernique
1250 2045 1521 2087 articulatim
1550 2059 1557 2087 :
1948 2045 2034 2087 555

574 2117 727 2154 seruat
749 2112 868 2153 enim
890 2111 1185 2152 formaturam
1207 2115 1444 2166 seruatque
1474 2111 1681 2167 figuram.

575 2180 633 2220 At
655 2178 691 2218 si
712 2176 1032 2233 interpositum
1060 2176 1255 2232 spatium
1283 2176 1341 2217 sit
1365 2176 1544 2232 longius
1572 2191 1731 2233 aequo,

575 2258 675 2284 aera
700 2259 777 2299 per
806 2243 1000 2284 multum
1022 2241 1235 2283 confundi
1258 2241 1393 2283 uerba
1420 2246 1650 2283 necessest

575 2314 618 2350 et
643 2308 897 2350 conturbari
924 2323 1098 2359 uocem,
1123 2307 1230 2348 dum
1252 2307 1504 2349 transuolat
1527 2322 1672 2348 auras.

576 2373 693 2429 Ergo
721 2373 786 2425 fit,
817 2373 1014 2414 sonitum
1038 2377 1087 2413 ut
1116 2371 1261 2429 possis
1283 2372 1464 2424 sentire,
1497 2387 1639 2429 neque
1668 2371 1792 2413 illam
1945 2371 2029 2414 560

575 2438 893 2489 internoscere,
919 2437 1157 2479 uerborum
1183 2437 1406 2478 sententia
1435 2452 1548 2495 quae
1571 2437 1629 2479 sit
1653 2451 1661 2480 3

575 2519 718 2560 usque
743 2503 851 2545 adeo
877 2502 1061 2544 confusa
1089 2502 1214 2544 uenit
1233 2518 1321 2543 uox
1341 2502 1476 2560 inque
1503 2503 1671 2559 pedita.

438 2727 496 2753 532
528 2723 667 2753 raditur
700 2723 724 2759 Q
751 2732 756 2752 :
799 2722 936 2753 reditur
960 2722 985 2750 1)
1073 2725 1130 2751 537
1166 2721 1279 2761 nigrai
1320 2722 1345 2758 Q
1385 2731 1477 2752 corr.
1505 2731 1510 2751 :
1543 2722 1642 2759 nigra
1675 2721 1731 2758 OQ
1768 2723 1905 2751 542-552
1936 2722 2031 2752 hunc

398 2780 569 2801 uersuum
595 2770 760 2800 ordinem
792 2769 951 2800 restitnit
978 2769 1104 2801 Lamb.
1198 2771 1256 2799 543
1290 2768 1412 2799 laeuor-
1435 2769 1577 2799 lacuore
1612 2769 1732 2799 Laml).
1755 2778 1760 2799 :
1800 2769 1878 2799 leno
1905 2769 2031 2800 letiore

397 2818 452 2856 OQ
538 2820 593 2847 545
614 2827 795 2847 murmure
822 2817 878 2848 ed.
911 2817 1010 2847 Bria).
1041 2827 1047 2847 :
1070 2826 1254 2847 murmura
1283 2816 1338 2852 OQ
1425 2818 1483 2846 546
1503 2816 1630 2847 reboat
1660 2826 1806 2846 raucum
1834 2816 1931 2856 regio
1959 2817 2030 2847 cita

395 2866 562 2896 Laehm.:
595 2867 741 2895 rcuorat
764 2874 909 2895 raucum
938 2867 1035 2895 retro
1063 2864 1133 2895 cita
1160 2864 1216 2901 OQ
1246 2873 1252 2894 ε
1292 2863 1444 2894 reboant
1472 2873 1619 2893 raucum
1663 2865 1758 2893 rotro
1792 2864 1866 2894 loca
1901 2863 2026 2904 Brie-q.

395 2913 520 2944 reboat
550 2922 694 2943 rancum
728 2913 943 2953 Bcrccyntia
973 2912 1019 2942 Is.
1052 2912 1158 2950 Voss„
1187 2911 1303 2942 Giuss.
1425 2913 1483 2941 547
1517 2911 1646 2941 ualidis
1674 2911 1777 2951 cycni
1806 2910 2029 2942 torrentibus

404 2960 521 2991 rosa:
551 2960 678 2990 ualidis
723 2960 818 2990 necti
849 2960 955 2990 tortis
999 2959 1024 2990 O
1057 2970 1063 2991 2
1102 2962 1184 2990 nete
1226 2968 1293 2999 pro
1332 2959 1428 2990 necti
1465 2958 1490 2989 Ο
1535 2968 1629 2989 corr.
1672 2960 1697 2995 Q
1734 2969 1739 2988 :
1782 2959 1885 2999 cycni
1922 2958 2028 2989 tortis

395 3007 623 3037 conuallibus
643 3007 784 3038 Lachm.
807 3007 954 3046 :gelidis
970 3007 1075 3047 cycni
1092 3008 1199 3037 nocte
1216 3007 1288 3037 oris
1303 3006 1414 3038 Bern.
1506 3009 1561 3036 551
1581 3006 1775 3036 uerborum
1788 3004 1908 3037 Lamb.
1926 3015 1932 3035 :
1951 3014 2028 3035 ner—

396 3064 519 3084 uorum
542 3054 597 3089 00
685 3057 741 3083 553
764 3064 831 3084 una
865 3054 979 3085 Benel.
1011 3064 1017 3085 :
1052 3054 1114 3084 illa
1133 3053 1200 3091 (10,
1226 3055 1373 3085 seruant
1408 3053 1541 3095 Brieq„
1575 3052 1703 3090 Giuss..
1735 3052 1880 3093 sissnum
1907 3052 2022 3082 inler-

392 3101 602 3142 pnncle'onis
619 3104 700 3131 :urile
719 3112 882 3141 quaeque
897 3104 1073 3141 ponentes
