2242 3595
367 197 447 239 114
717 201 899 239 Lccnecs
952 219 1009 226 —-
1040 208 1092 236 DE
1126 206 1178 235 LA
1210 205 1388 236 NATURE.
1426 206 1550 236 LIVRE
1583 206 1626 236 tv

424 310 510 353 268
542 309 771 365 penitus..
794 308 860 350 ,in
879 308 998 357 alto;
1023 305 1077 347 cf
1106 321 1150 348 v.
1183 304 1386 359 73,199.

424 375 505 418 271
543 372 672 423 Quod
703 387 845 444 genus
873 385 881 414 :
909 386 1053 412 meme
1081 370 1344 442 expression
1373 369 1429 422 ΙΙ,
1463 369 1545 411 194
1576 370 1763 420 «Quod
1801 386 1944 426 genus
1979 387 1999 413 e

366 446 637 481 nosttocum
665 439 825 479 missus
844 451 1025 491 corpore
1042 436 1224 491 sanquis
1243 435 1457 476 Emicat>
1448 449 1497 486 );)
1523 434 1601 487 ΙΙΙ,
1630 434 1734 488 276,
1758 435 1858 488 327,
1882 436 1995 490 431;

365 504 419 555 N,
451 502 534 544 478
561 501 619 559 <le
652 503 774 558 quod
801 516 941 557 (senus
968 507 1087 543 est...
1119 516 1220 542 eum
1254 500 1307 541 de
1336 499 1398 542 III
1435 499 1518 541 597
1554 499 1669 542 nest
1700 515 1780 556 pas
1819 516 2000 558 compa-

364 566 536 625 rable)3
567 566 623 609 cf.
665 567 740 618 IV,
781 566 863 608 735
901 585 920 606 «
957 581 1084 607 omne
1119 580 1260 621 glenus
1300 579 1515 621 quonlam
1550 566 1723 619 passim
1755 566 1998 608 simulacra

364 636 583 688 feruntur
624 649 662 674 υ.
696 631 755 674 Ce
793 637 913 685 sont,
949 646 1039 672 non
1075 631 1153 672 des
1187 629 1466 681 nominatifs,
1504 630 1616 671 mais
1644 630 1722 672 des
1758 630 1998 673 accusatifs

365 697 597 754 employe's
634 696 1034 747 adverbialement,
1073 711 1246 737 comme
1289 710 1432 737 meam
1462 696 1602 736 uicem
1645 695 1802 737 Plaute
1839 696 1996 748 Most„

366 762 466 813 355,
505 763 719 804 maiorem
739 769 920 817 partem
951 762 1107 814 Poen.,
1136 759 1234 802 413.
1273 760 1360 802 Sur
1383 759 1448 801 les
1470 759 1661 816 emplois
1682 760 1736 802 de
1765 761 1811 801 id
1835 776 1994 816 yenzls,

366 828 447 868 hoe
469 842 625 883 9811113,
659 828 796 883 quod,
825 827 936 885 quid
958 841 1116 882 glenus,
1144 841 1272 867 omne
1298 840 1456 881 qenus,
1493 825 1591 866 voir
1618 824 1825 866 Weslfflin
1852 826 1991 868 Arch.

365 892 562 935 L.L.G.
599 892 652 943 V,
677 891 761 933 385
796 907 894 948 sqq.
932 891 1125 933 Lucrece
1159 889 1353 947 emploie
1377 890 1629 946 egalement
1660 889 1881 932 l'ablatif:
1908 905 1998 947 quo

363 972 521 1012 qenere
543 957 648 1010 8553
678 952 722 998 ἰή
743 972 832 1014 quo
852 971 1010 1012 qenere
1032 956 1113 997 185
1135 955 1208 1013 (cf.
1239 956 1284 997 in
1304 970 1465 1012 qenere
1491 955 1571 996 hoc
1594 953 1696 1013 510)
1718 968 1726 1008 ;
1758 956 1810 997 (Ie
1832 970 1994 1011 qenere

368 1023 448 1064 hoc
475 1022 576 1075 590,
607 1021 706 1075 744,
739 1021 839 1064 832.

424 1087 510 1131 272
542 1092 849 1145 transpectum
887 1100 895 1128 :
931 1102 980 1128 ce
1017 1086 1276 1139 substantif,
1316 1085 1544 1128 d'ailleurs
1580 1090 1669 1128 tres
1708 1090 1895 1138 correct,
1931 1090 1999 1127 est

365 1157 522 1194 amene
546 1168 626 1210 par
663 1154 703 1194 le
730 1152 960 1208 voisinage
990 1152 1043 1194 de
1081 1152 1457 1207 transpiciuntur,
1500 1166 1554 1193 ne
1594 1167 1640 1193 se
1674 1156 1881 1193 retrouve
1919 1166 1999 1207 pas

365 1218 547 1260 ailleurs
570 1233 578 1271 ;
599 1217 656 1260 cf.
682 1217 766 1259 205
790 1222 832 1259 et
860 1223 981 1260 note.

424 1283 510 1326 274
543 1283 712 1340 duplici
738 1283 1009 1340 geminoque
1041 1295 1048 1324 :
1079 1281 1349 1339 tautologie;
1381 1281 1437 1323 cf.
1471 1281 1571 1335 451,
1608 1281 1708 1334 766,
1741 1280 1870 1334 1004,
1902 1286 1990 1323 etc.

425 1348 510 1391 276
544 1353 756 1390 secuntur
784 1361 792 1389 :
830 1350 974 1389 meme
1001 1347 1187 1404 graphie
1222 1346 1322 1401 346,
1362 1345 1476 1400 995,
1512 1347 1722 1389 locuntur
1755 1346 1856 1400 581,
1896 1361 2000 1388 ecus

367 1412 476 1466 420;
505 1413 561 1456 cf.
590 1413 810 1466 Cartault,
848 1412 900 1454 16
929 1417 973 1455 et
1005 1413 1075 1455 92.

425 1479 507 1522 277
542 1483 769 1536 perterget
795 1490 802 1520 :
829 1478 884 1521 cf.
911 1477 1012 1532 249,
1045 1477 1146 1519 252.

424 1544 509 1587 280
544 1545 641 1588 Une
675 1543 947 1601 explication
980 1544 1201 1599 analogue
1237 1548 1306 1585 est
1343 1543 1516 1585 donne'e
1546 1547 1570 1584 ἰι
1609 1558 1774 1600 propos
1808 1543 1861 1584 de
1900 1541 1999 1584 l'ai-

365 1615 489 1651 mant
520 1609 596 1663 VI,
641 1609 753 1651 1002
788 1625 886 1666 sqq.
925 1627 945 1648 «
973 1609 1217 1663 Principio,
1253 1610 1395 1664 fluere
1422 1624 1442 1649 e
1480 1608 1626 1664 lapide
1660 1609 1740 1650 hoc
1771 1607 1999 1663 permulta

366 1682 575 1717 necessest
608 1675 801 1727 Semina,
845 1676 939 1716 siue
973 1680 1160 1725 aestum,
1197 1675 1278 1730 qui
1311 1674 1496 1715 discutit
1534 1689 1637 1715 aera
1665 1673 1834 1730 plagis,
1870 1673 1999 1715 Inter·

364 1742 445 1797 qui
479 1740 671 1796 lapidem
703 1743 974 1795 ferrumque
1007 1745 1071 1781 est
1108 1754 1301 1794 cumque
1337 1739 1560 1782 locatus...
1600 1756 1639 1782 ».
1680 1738 1737 1781 Et
1766 1738 1868 1795 plus
1905 1737 1997 1779 loin

366 1805 478 1847 1022
501 1821 599 1863 sqq.
631 1824 649 1844 «
688 1805 790 1846 Huc
811 1805 979 1846 accedit
1015 1806 1120 1846 item
1158 1818 1299 1862 quare
1319 1810 1454 1860 queat
1489 1805 1534 1845 iel
1565 1805 1708 1860 maqis
1739 1819 1843 1846 esse.
1874 1803 1999 1844 Haec

365 1885 541 1929 quoque
584 1886 652 1912 res
681 1871 941 1912 adiumento
973 1876 1187 1926 motuque
1221 1870 1425 1922 iuuatur,
1459 1870 1586 1919 Quod
1618 1869 1756 1911 simul
1789 1884 1813 1910 a
1845 1871 1998 1923 fronte

364 1943 427 1978 est
450 1936 586 1977 anelli
613 1937 761 1977 rarior
784 1950 860 1977 aer
889 1935 1069 1987 Factus,
1107 1936 1396 1992 inanitusque
1435 1935 1555 1976 locus
1590 1936 1733 1991 magis
1754 1950 1805 1976 ac
1835 1949 1997 1975 uacua-

366 2008 451 2054 της,
484 2002 708 2043 Continuo
736 2003 789 2055 fit
824 2002 889 2042 uti
928 2002 1008 2057 qui
1028 2006 1131 2055 post
1162 2006 1225 2041 est
1257 2016 1449 2057 cumque
1488 2000 1655 2042 locatus
1684 2000 1788 2053 Aer,
1816 2015 1841 2041 a
1869 2004 2000 2054 terqo

365 2068 497 2122 quusi
517 2067 741 2123 prouelzat
766 2072 900 2122 atque
919 2065 1146 2122 propellat
1169 2083 1207 2108 ».
1241 2065 1309 2108 Cf.
1334 2066 1437 2122 plus
1458 2065 1550 2107 loin
1572 2081 1614 2107 v.
1644 2064 1745 2107 897.

424 2132 507 2175 281
543 2132 598 2174 cf.
623 2147 667 2174 v.
695 2130 796 2173 247.

424 2197 510 2240 290
545 2196 613 2239 Cf.
637 2213 679 2239 v.
711 2196 809 2239 107.

422 2262 515 2304 illic
546 2275 553 2303 :
589 2279 608 2301 «
633 2269 657 2304 a
677 2267 793 2304 cette
820 2261 1022 2304 distance
1052 2280 1090 2303 ».

423 2327 504 2371 291
541 2327 717 2369 aeribus
744 2327 862 2368 binis
894 2340 901 2369 :
926 2327 981 2369 cf.
1010 2342 1070 2369 un
1091 2326 1254 2384 plut-iel
1279 2326 1500 2383 analogue
1522 2327 1577 2380 V,
1606 2325 1689 2369 646
1715 2344 1736 2365 «
1758 2326 1995 2369 aeribus...

363 2392 549 2434 alternis
575 2410 593 2431 »
625 2393 865 2449 designant
894 2392 1009 2434 deux
1036 2397 1248 2434 courants
1276 2392 1403 2434 d’air.

423 2458 558 2500 confit
584 2471 591 2500 :
619 2457 673 2500 cf.
697 2457 798 2508 738,
824 2457 924 2510 929,
950 2462 994 2499 et
1016 2457 1221 2500 Cartault
1248 2458 1451 2512 Flexion,
1476 2473 1516 2515 p.
1546 2457 1645 2501 112.

423 2529 611 2581 utraque
645 2536 652 2565 :
683 2522 739 2565 cf.
771 2523 841 2565 86.

422 2588 508 2632 293
542 2590 591 2630 fit
617 2593 667 2630 ut
694 2601 703 2630 ε
731 2590 874 2630 meme
898 2588 1159 2645 expression
1183 2588 1284 2640 300,
1314 2587 1414 2641 302,
1443 2587 1552 2641 309,
1576 2587 1630 2629 cf.
1662 2589 1806 2629 meme
1835 2586 2001 2644 emploi

366 2653 419 2695 de
442 2656 556 2709 facil
580 2653 682 2707 273,
708 2653 809 2706 282,
834 2653 936 2695 287.

422 2719 505 2762 297
540 2719 708 2761 adlidat
745 2737 753 2763 :
791 2718 846 2761 cf.
894 2718 995 2760 570.
1036 2718 1097 2760 Le
1126 2718 1262 2760 verbe
1296 2722 1364 2760 est
1407 2718 1745 2775 generalement
1777 2717 2000 2760 construit

363 2800 471 2826 avec
492 2785 549 2826 ad
569 2797 577 2827 :
595 2784 777 2836 Accius,
805 2783 1133 2840 Clytaemestra
1155 2782 1246 2841 (33)
1270 2800 1289 2824 «
1313 2785 1442 2840 flucti
1465 2784 1822 2825 inmisericordes
1841 2784 1996 2835 iacere,

365 2856 506 2892 taetra
528 2851 586 2891 ad
606 2865 713 2892 saxa
738 2849 937 2891 adlidere
967 2866 1007 2903 »,
1035 2848 1172 2891 Cc'sar
1193 2848 1315 2892 B.C.
1347 2848 1426 2901 111,
1454 2848 1509 2890 27
1532 2867 1551 2887 «
1576 2864 1686 2905 pars
1710 2849 1769 2890 ad
1794 2847 1997 2903 scopulos

365 2916 505 2957 adlisa
532 2933 574 2959 ».

424 2980 618 3025 298-299
653 2980 917 3023 Construirc
941 2999 960 3019 «
990 2980 1145 3037 Atque
1166 2981 1204 3022 si
1225 2995 1271 3021 ea
1292 2986 1438 3022 seruet
1460 2981 1670 3021 conlinuo
1687 2985 1854 3021 rectam
1878 2980 1996 3034 siqu-

365 3060 462 3087 ratn
485 3049 653 3101 fronte,
686 3053 725 3087 et
764 3048 855 3101 ipsu
894 3061 982 3088 sese
1024 3047 1250 3101 exprimat
1277 3045 1431 3087 elisam
1461 3052 1580 3087 retro
1611 3062 1631 3083 »
1661 3058 1669 3087 :
1704 3061 1724 3086 «
1760 3049 1803 3086 ct
1836 3058 1921 3101 que
1943 3042 1999 3085 de
