2242 3595
1004 252 1134 280 NOTES
1810 238 1880 279 *121

330 353 415 397 418
449 352 484 393 O
510 357 553 394 et
576 351 612 401 Q
634 352 833 393 donnent
851 351 1086 406 despicere,
1112 365 1196 407 que
1219 349 1493 402 Lachmann,
1521 349 1636 391 suivi
1657 364 1736 405 par
1762 349 1893 390 beau-

271 433 383 474 coup
419 417 661 459 d'e'diteurs
687 432 711 458 a
743 417 913 472 corrige
941 431 995 457 en
1030 416 1255 470 dispicere,
1287 415 1419 471 qu'on
1457 414 1508 456 lit
1543 414 1621 463 Ill,
1662 414 1716 455 26
1746 432 1766 452 «
1802 414 1894 454 Nec

273 483 402 524 tellus
424 483 570 524 obstat
590 482 702 537 quin
729 482 876 523 omnia
902 481 1198 535 dispiciantur
1227 480 1322 521 Sub
1347 480 1554 535 pedibus,
1585 493 1894 535 quaecumque

272 548 393 602 infra
419 562 503 603 per
541 548 668 588 inane
692 552 919 602 yet-untur
950 563 985 586 ».
1025 545 1085 586 Le
1119 544 1399 600 temoignage
1426 544 1502 585 des
1528 560 1633 585 mss.
1672 559 1695 585 a
1724 559 1807 600 peu
1840 543 1894 584 dc

271 611 397 669 poids
422 627 476 653 en
504 610 641 668 pareil
667 626 757 661 cas,
788 610 883 650 rien
906 608 1076 651 n'etant
1097 608 1199 664 plus
1227 623 1437 649 commun
1468 623 1552 664 que
1584 608 1625 649 la
1659 608 1894 650 confusion

270 677 324 718 de
350 692 370 717 e
396 682 440 718 et
460 676 513 717 de
538 677 552 717 i
577 675 648 731 (cf.
678 674 796 731 421).
834 673 1061 716 Toutefois
1093 688 1265 714 comme
1286 673 1503 727 despicere
1533 690 1552 711 «
1572 673 1779 728 regarder
1793 672 1894 714 d'en

269 741 379 783 haut
408 759 427 780 υ
452 740 616 782 fournit
637 755 696 781 un
716 754 818 781 sens
843 738 1078 795 plausible,
1103 738 1144 778 la
1166 737 1412 779 correction
1440 741 1508 778 est
1527 737 1702 779 inutile.

329 806 414 849 420
447 805 648 847 obhaesit
673 817 681 847 :
708 819 798 845 non
822 807 985 846 atteste
1010 807 1145 844 avant
1171 802 1378 844 Lucrece.

330 870 416 913 425
449 869 645 911 adsimili
673 882 681 912 t
707 867 761 910 cf.
794 868 872 922 91;
898 867 939 909 ΙΙ·
962 866 1045 909 493
1068 867 1265 908 adsimili
1283 867 1469 909 ratione.

328 935 414 978 428
439 939 534 976 tota
562 948 569 977 :
606 952 625 971 «
656 934 768 975 dans
802 948 883 974 son
920 930 1147 974 ensemble
1182 950 1219 983 »,
1248 946 1419 973 comme
1447 931 1592 973 Plaut.
1624 931 1779 984 Most„
1811 930 1893 972 146

272 1018 292 1038 «
319 1015 405 1041 non
429 1000 583 1042 uideor
608 999 721 1040 mihi
751 998 929 1040 Sarcire
943 1012 1071 1054 posse
1094 997 1214 1039 aedis
1239 1012 1358 1038 meas
1385 997 1497 1053 quin
1520 1001 1633 1037 totae
1650 1002 1894 1051 perpetuae

272 1071 410 1107 ruant
436 1083 472 1108 ».

331 1130 413 1173 431
450 1129 665 1171 conduxit
697 1143 704 1171 :
734 1128 829 1172 scil.
861 1129 1041 1169 desctera
1073 1127 1306 1183 laeuaque,
1334 1127 1388 1169 cf.
1414 1127 1490 1180 VI,
1519 1126 1601 1169 967
1633 1145 1652 1165 «
1673 1125 1891 1184 (iynis)...

269 1196 387 1236 coria
414 1201 455 1236 et
483 1210 662 1236 carnem
695 1194 835 1235 trahit
866 1199 907 1234 et
933 1193 1139 1234 conducit
1172 1192 1213 1233 in
1250 1207 1388 1234 unum
1427 1207 1471 1242 »;
1516 1193 1532 1233 I
1562 1191 1644 1234 397
1688 1210 1707 1230 «
1742 1192 1889 1234 Nec...

266 1266 409 1314 potest
434 1260 657 1301 denserier
688 1274 778 1311 aer,
806 1273 934 1302 nec...
964 1259 1059 1300 sine
1081 1259 1208 1300 inani
1233 1263 1433 1313 posset...
1466 1258 1553 1314 ipse
1577 1258 1622 1298 in
1648 1272 1691 1298 se
1717 1257 1893 1299 trahere

268 1331 311 1366 et
330 1326 478 1380 partis
499 1325 741 1366 conducere
757 1325 799 1365 in
826 1339 968 1365 unum
997 1339 1042 1376 »;
1071 1324 1123 1365 de
1151 1325 1295 1364 meme
1326 1322 1404 1375 ΙΙΙ,
1436 1321 1536 1364 534.

329 1390 414 1433 435
444 1389 702 1431 labefactari
727 1403 736 1433 :
762 1388 817 1431 cf.
845 1404 887 1429 v.
917 1388 971 1430 50
994 1394 1038 1430 et
1064 1394 1183 1430 note.

328 1455 413 1498 436
447 1455 605 1496 clauda
633 1468 641 1497 :
672 1453 889 1509 l'adjectif
907 1458 974 1495 est
997 1454 1242 1510 developpe
1270 1457 1313 1494 et
1337 1453 1543 1510 explique
1569 1452 1652 1494 438
1677 1468 1776 1509 sqq.

327 1520 410 1563 437
439 1520 651 1576 aplustris
671 1534 678 1562 :
698 1519 751 1560 de
763 1520 982 1574 aplustra,
1001 1519 1250 1560 doubletde
1263 1518 1497 1573 aplustria,
1514 1518 1642 1569 -ium,
1661 1520 1895 1573 emprunte

268 1600 323 1627 au
345 1600 412 1640 gr.
438 1589 648 1641 ἄφλαστον,
673 1599 776 1625 sans
801 1584 936 1625 doute
963 1599 1042 1640 par
1068 1582 1431 1625 l'intermediaire
1458 1583 1511 1624 de
1540 1581 1796 1638 l’etrusque.
1823 1581 1890 1623 Cf.

273 1649 396 1692 Paul.
437 1649 574 1702 Fest„
613 1649 654 1700 9,
691 1649 743 1690 10
773 1667 791 1687 «
837 1650 1058 1704 aplustria
1093 1650 1279 1690 nauium
1319 1654 1597 1702 ornamenta,
1636 1663 1750 1703 quae
1788 1648 1894 1703 quia

268 1722 397 1756 erant
412 1715 606 1771 amplius
620 1730 759 1771 quam
778 1720 917 1756 essent
932 1715 1175 1756 necessaria
1194 1729 1292 1766 usu,
1311 1714 1442 1755 ctiam
1464 1713 1766 1770 [am]plustria
1784 1713 1895 1753 dice—

269 1781 439 1822 bantur
467 1799 503 1822 ».
523 1779 639 1822 Scol.
667 1780 761 1823 IuV.
785 1780 840 1830 X,
862 1778 943 1820 136
964 1780 1220 1836 «aplustria
1241 1779 1497 1820 tabulatum
1518 1780 1576 1819 ad
1594 1778 1894 1819 decorandum

267 1846 554 1901 superficium
580 1845 707 1886 nauis
731 1845 1000 1900 adpositum.
1020 1845 1112 1886 Alii
1132 1846 1288 1886 dicunt
1313 1850 1459 1885 rostra
1488 1844 1631 1897 nauis,
1657 1857 1895 1884 ornamen-

267 1917 363 1952 tum
383 1911 564 1966 puppiS,
591 1912 765 1966 ἄφλαστα
788 1928 825 1952 ».
857 1909 916 1951 Le
939 1914 1031 1951 mot
1050 1925 1096 1952 se
1120 1915 1276 1952 trouve
1293 1910 1405 1951 dans
1430 1909 1603 1950 Ennius
1628 1909 1768 1960 Ann.‚
1792 1907 1891 1959 ⁴502,

267 1980 312 2017 et
338 1974 449 2017 dans
477 1975 605 2016 Lucr.
640 1975 695 2026 ll,
729 1974 829 2016 555.

326 2040 412 2083 438
445 2055 589 2081 rorem
617 2040 722 2081 salis
747 2053 754 2082 ζ
789 2039 854 2080 sal
875 2055 932 2081 ou
955 2040 1046 2081 sale
1064 2039 1175 2080 dans
1196 2040 1236 2080 le
1271 2054 1374 2080 sens
1395 2039 1447 2080 (16
1475 2057 1494 2077 «
1532 2053 1627 2079 mer
1656 2056 1675 2078 »
1706 2042 1774 2079 est
1794 2037 1894 2093 (leja

267 2105 378 2147 dans
400 2105 573 2147 Ennius
602 2105 741 2155 Anu„
778 2103 861 2146 385
889 2122 908 2142 «
932 2111 1112 2161 spumat
1130 2105 1220 2145 sale
1245 2119 1292 2157 »3
1327 2105 1468 2156 Ann.,
1494 2103 1548 2145 52
1573 2122 1592 2141 «
1614 2103 1703 2144 sale
1734 2108 1890 2144 nata...

275 2170 420 2211 Venus
443 2188 480 2213 n,
505 2170 673 2227 Virgile
692 2170 758 2211 dit
775 2169 828 2210 de
850 2172 995 2211 meme
1019 2170 1182 2226 Georg.
1210 2169 1287 2221 IV,
1312 2168 1386 2210 431
1415 2187 1434 2207 «
1456 2184 1600 2210 rorem
1619 2183 1826 2210 amarum
1854 2186 1892 2220 η,

266 2235 380 2277 Aen.
419 2235 452 2287 I,
496 2234 549 2276 35
574 2253 594 2274 «
623 2250 804 2289 spumas
835 2235 940 2275 salis
975 2253 1010 2276 ».
1048 2235 1134 2275 Ros
1169 2249 1215 2275 se
1250 2238 1406 2275 trouve
1440 2234 1551 2274 dans
1576 2234 1705 2274 Lucr.
1742 2233 1775 2284 I,
1808 2232 1890 2273 496

269 2318 289 2338 «
323 2300 619 2356 lympharum
657 2314 756 2340 rore
787 2318 824 2351 »,
854 2299 930 2340 771
980 2319 999 2336 «
1038 2315 1274 2355 roremque
1298 2299 1485 2355 liquoris
1517 2318 1555 2351 »,
1586 2298 1669 2339 777
1710 2316 1729 2337 «
1760 2298 1896 2339 ardor

267 2380 370 2406 cum
393 2380 493 2406 rore
517 2382 555 2406 n.

326 2430 412 2473 439
444 2429 644 2485 guberna
678 2443 684 2471 :
724 2429 896 2471 Ennius
932 2429 1102 2471 semble
1126 2430 1251 2471 avoir
1279 2429 1426 2470 donne
1458 2429 1496 2470 le
1534 2429 1706 2470 modele
1737 2428 1790 2469 de
1822 2443 1894 2469 ces

268 2494 570 2536 abreviations
594 2494 804 2535 barbares
829 2507 837 2537 :
861 2510 918 2535 on
939 2495 1120 2535 connait
1141 2494 1206 2535 les
1228 2494 1392 2535 formes
1415 2509 1520 2549 qau,
1547 2494 1652 2542 cael,
1675 2494 1743 2545 do,
1770 2493 1890 2534 Ann.

268 2560 378 2611 Inc.‚
401 2558 595 2601 574-576
621 2559 730 2616 qu'il
748 2574 772 2600 a
796 2559 995 2615 risquees
1016 2575 1128 2616 pour
1150 2560 1385 2615 glaudium,
1407 2559 1594 2609 caelum,
1625 2559 1798 2601 domus.
1823 2557 1890 2599 Cf.

264 2623 435 2665 Marius
462 2623 721 2665 Victorinus
746 2623 857 2664 dans
878 2623 944 2664 les
972 2624 1171 2666 Gramm.
1200 2624 1279 2666 lat.
1311 2624 1364 2665 de
1392 2623 1489 2665 Keil
1516 2623 1593 2676 VI,
1625 2622 1678 2663 515
1721 2640 1739 2659 «
1786 2623 1895 2663 Pari

268 2689 437 2730 ratione
459 2689 503 2730 in
525 2704 655 2730 uersu
675 2695 716 2730 et
728 2704 913 2744 apocope
928 2696 1161 2745 praecepta
1181 2695 1260 2741 est,
1285 2689 1331 2730 id
1351 2695 1412 2729 est
1431 2688 1677 2730 subtractio
1692 2687 1893 2742 syllabae

265 2753 607 2809 syllabarumue
627 2754 866 2796 cuiuslibet
878 2754 1022 2809 partis
1037 2755 1250 2795 orationis
1266 2759 1407 2794 metro
1422 2759 1601 2808 coflante
1622 2756 1760 2808 facta,
1776 2767 1890 2807 quac

266 2818 359 2859 siue
391 2819 435 2858 in
462 2818 596 2859 uerbo
630 2819 724 2860 siue
758 2820 802 2860 in
831 2820 1009 2860 nomine
1038 2819 1266 2872 acciderit,
1296 2834 1382 2873 pro
1417 2819 1589 2873 integra
1623 2824 1753 2871 parte
1789 2832 1890 2857 ora—

268 2883 401 2924 tionis
428 2883 683 2938 accipietur,
710 2889 759 2924 ut
788 2901 807 2922 «
838 2884 948 2925 endo
978 2898 1057 2925 sua
1086 2885 1140 2924 do
1171 2900 1210 2935 »,
1249 2885 1292 2924 id
1318 2890 1381 2924 est
1411 2884 1454 2924 in
1484 2897 1561 2923 sua
1595 2883 1739 2923 domo.
1781 2882 1888 2922 Item

267 2962 316 2988 ac
346 2965 365 2985 «
395 2947 546 3003 famul
573 2948 753 3002 infimus
774 2954 883 2990 esset
910 2966 928 2987 η
961 2947 1109 3005 (Lucr.
1142 2948 1219 3000 III,
1258 2947 1386 3000 1035>
1412 2962 1491 3002 pro
1512 2947 1729 3002 famulus.
1760 2946 1892 2986 Simi-

270 3011 373 3053 liter
397 3011 613 3069 (Lucilius
649 3013 758 3063 Sat„
795 3012 914 3068 578).

327 3078 492 3118 Proras
508 3078 738 3118 detondere
756 3085 796 3117 et
821 3078 1058 3133 despoliato
1076 3078 1279 3131 quberna
