2242 3595
359 239 413 283 70

506 255 544 282 Τ.
576 251 747 281 LVCRETI
782 251 886 279 CARI.
917 261 975 268 --
1007 249 1059 277 DE
1092 248 1232 276 RERVM
1267 247 1450 276 NATVRA.
1482 247 1602 276 LIBER
1634 247 1826 282 QVARTVS

477 367 555 409 per
579 349 777 391 membra
804 352 937 404 atque
965 352 1089 388 artus
1113 346 1277 388 animai
1301 345 1458 387 dissita
1477 345 1547 387 uis
1574 350 1657 398 est,

476 422 519 457 et
537 415 709 456 facileSt
736 413 870 465 factu,
899 412 1109 469 quoniam
1139 411 1377 454 coniuncta
1404 415 1597 453 tenetur.

477 463 584 522 Ind'e
612 494 661 521 ea
682 493 895 536 proporro
916 493 1077 534 corpus
1104 476 1221 529 serit,
1252 480 1385 533 atque
1406 475 1468 517 ita
1491 480 1584 518 tota
1899 474 1983 518 890

475 544 691 602 paulatim
715 543 856 585 moles
883 542 1162 600 protruditur
1187 545 1320 598 atque
1348 545 1568 583 mouetur,

475 611 707 652 Praeterea
735 614 832 651 tum
855 608 1040 650 rarescit
1066 622 1243 665 quoque
1270 621 1447 663 corpuS‚
1473 610 1516 647 et
1539 620 1614 647 aer

475 674 666 733 (scilicet
688 679 737 716 ut
763 673 896 716 debet
916 673 993 731 qui
1021 688 1196 730 semper
1216 671 1396 714 mobilis
1418 670 1583 728 exstat)

473 755 551 797 per
573 739 795 797 patefacta
820 738 961 791 uenit,
991 743 1285 796 penetratque
1312 737 1531 778 foramina
1561 738 1727 793 largus,

474 810 518 848 et
543 805 815 863 dispergitur
840 805 895 846 ad
919 804 1059 861 partis
1082 804 1143 845 ita
1161 818 1361 860 quasque
1383 802 1579 844 minutas
1901 800 1985 843 895

475 871 688 928 corporis.
720 870 804 912 Hic
826 869 963 926 igitur
983 869 1116 910 rebus
1142 869 1192 910 fit
1211 868 1437 924 utrimque
1461 867 1651 920 duabus,

477 935 708 993 †corporis
732 940 782 977 ut
803 942 883 985 ac†
912 934 1040 976 nauis
1059 934 1174 975 uelis
1197 938 1424 989 uentoque
1446 933 1628 974 feratur.

475 1002 569 1044 Nec
596 1006 748 1043 tamen
769 999 882 1041 illud
900 999 945 1041 in
970 999 1041 1040 his
1064 998 1197 1041 rebus
1225 997 1428 1040 mirabile
1454 1001 1647 1049 constat,

473 1066 647 1108 tantula
675 1065 795 1122 quod
821 1070 999 1107 tantum
1020 1080 1181 1121 corpus
1205 1062 1468 1120 corpuscula
1493 1066 1683 1119 possunt

474 1136 768 1188 contorquere
789 1136 833 1173 et
850 1146 964 1172 onus
987 1135 1131 1173 totum
1155 1133 1417 1171 conuertere
1437 1132 1658 1171 nostrum.
1903 1126 1986 1169 900

475 1196 648 1254 Quippe
669 1195 835 1238 etenim
861 1200 1025 1237 uentus
1047 1194 1202 1237 subtili
1223 1209 1404 1251 corpore
1427 1193 1574 1235 tenuis

474 1262 615 1303 trudit
638 1276 776 1318 agens
799 1276 1012 1317 magnam
1036 1275 1199 1316 magno
1221 1259 1450 1301 molimine
1471 1273 1649 1310 nauem,

474 1332 518 1368 et
545 1341 704 1368 manus
734 1341 822 1368 una
849 1325 963 1381 regit
990 1325 1233 1383 quantouis
1260 1324 1411 1382 inpete
1433 1328 1630 1376 euntem,

474 1396 608 1448 atque
628 1391 951 1448 gubernaclum
976 1394 1242 1448 contorquet
1268 1389 1470 1446 quolibet
1496 1403 1652 1439 unum,

475 1457 705 1514 multaque
725 1472 803 1513 per
827 1456 1018 1498 trocleas
1040 1460 1084 1497 et
1107 1460 1323 1512 tympana
1346 1454 1542 1511 pondere
1568 1468 1731 1509 magno
1904 1452 1989 1494 905

475 1528 729 1565 commouet
756 1527 889 1579 atque
913 1521 1002 1563 leui
1030 1520 1229 1563 sustollit
1253 1520 1457 1562 machina
1479 1519 1595 1561 nisu.

536 1589 666 1630 Nunc
691 1587 854 1646 quibus
875 1587 951 1628 ille
978 1586 1122 1628 modis
1147 1601 1331 1627 somnus
1355 1601 1434 1642 per
1457 1583 1656 1626 membra
1684 1584 1882 1641 quietem

475 1654 638 1711 inriget
661 1658 794 1711 atque
821 1653 957 1695 animi
981 1667 1110 1694 curas
1134 1667 1156 1693 e
1181 1656 1360 1708 pectore
1383 1650 1545 1702 soluat,

476 1719 717 1762 suauidicis
739 1719 889 1776 potius
917 1733 1051 1775 quam
1073 1716 1229 1759 multis
1256 1715 1461 1758 uersibus
1486 1715 1612 1757 edam
1633 1728 1642 1767 3

474 1800 637 1842 paruos
659 1790 710 1827 ut
731 1789 798 1826 est
821 1784 951 1840 cycni
976 1782 1136 1825 melior
1161 1797 1310 1835 canor,
1332 1780 1407 1823 ille
1429 1796 1589 1838 gruum
1616 1795 1751 1837 quam
1904 1778 1988 1822 910

475 1850 643 1892 clamor
663 1850 707 1891 in
728 1848 939 1892 aetheriis
961 1848 1190 1905 dispersus
1209 1847 1404 1889 nubibus
1429 1845 1582 1888 austri.

474 1916 541 1957 Tu
564 1915 673 1956 mihi
695 1915 748 1957 da
774 1914 921 1957 tenuis
942 1913 1061 1956 auris
1089 1913 1378 1969 animumque
1400 1926 1624 1968 sagacem,

475 1996 529 2023 ne
551 1981 647 2022 fieri
668 1980 842 2037 negites
867 1994 978 2037 quae
1003 1979 1147 2020 dicam
1170 1993 1301 2035 posse
1322 1982 1531 2034 retroque

473 2061 580 2088 uera
601 2045 852 2102 repulsanti
874 2044 1078 2086 discedas
1099 2050 1278 2100 pectore
1303 2042 1437 2095 dicta,

448 2139 451 2142 -
475 2116 665 2154 tutemet
686 2111 732 2152 in
759 2111 888 2167 culpa
913 2125 1014 2151 cum
1036 2109 1097 2151 sis
1120 2124 1265 2167 neque
1285 2123 1464 2150 cernere
1486 2107 1647 2164 possiS.
1903 2105 1988 2148 915

475 2176 701 2233 Principio
729 2191 915 2217 somnus
942 2175 992 2216 fit
1014 2174 1091 2216 ubi
1118 2179 1187 2216 est
1205 2174 1419 2216 distracta
1440 2188 1520 2231 per
1544 2177 1670 2214 artus

473 2242 544 2284 uis
565 2242 756 2295 animae,
783 2240 1034 2298 partimque
1060 2240 1177 2282 foras
1205 2239 1345 2282 eiecta
1372 2238 1570 2290 recessit,

475 2313 519 2350 et
538 2307 701 2365 partim
723 2310 936 2348 contrusa
955 2305 1098 2362 magis
1126 2304 1348 2347 concessit
1371 2304 1416 2345 in
1439 2304 1597 2346 altum.

475 2373 798 2415 Dissoluuntur
822 2372 942 2413 enim
967 2376 1064 2413 tum
1092 2370 1274 2412 demum
1302 2369 1502 2411 membra
1528 2369 1777 2426 fluuntque.

475 2439 592 2481 Nam
614 2437 800 2479 dubium
827 2452 916 2478 non
941 2441 1023 2489 est,
1054 2435 1218 2477 animai
1243 2435 1349 2492 quin
1372 2450 1504 2492 opera
1527 2434 1584 2476 sit
1612 2466 1617 2469 -
1899 2431 1984 2474 920

475 2519 633 2546 sensus
662 2503 730 2545 hic
754 2503 799 2544 in
824 2502 954 2543 nobis
976 2515 984 2553 3
1010 2517 1144 2558 quem
1168 2516 1270 2542 cum
1291 2516 1423 2557 sopor
1449 2499 1622 2557 inpedit
1643 2514 1757 2551 esse,

473 2576 570 2612 tum
594 2568 723 2610 nobis
751 2568 946 2609 animam
966 2566 1275 2624 perturbatam
1304 2582 1401 2608 esse
1423 2565 1720 2623 putandumst

475 2635 749 2692 eiectamque
778 2632 925 2686 foras3
955 2648 1045 2674 non
1070 2646 1280 2684 omnem3
1312 2646 1505 2688 namque
1534 2630 1700 2672 iaceret

475 2705 654 2742 aeterno
676 2714 837 2756 corpus
858 2698 1088 2755 perfusum
1113 2697 1276 2754 frigore
1298 2696 1392 2739 leti.

441 2906 499 2932 888
527 2902 643 2932 anima
686 2900 742 2937 OQ
827 2904 885 2931 890
910 2900 993 2930 serit
1027 2900 1113 2931 Mar.
1137 2909 1143 2930 :
1190 2899 1284 2939 perit
1315 2900 1371 2935 OQ
1478 2900 1535 2926 897
1579 2897 1743 2937 corporis
1766 2899 1805 2927 ut
1845 2906 1884 2927 ac
1904 2896 1989 2934 OQ:

358 2950 522 2989 corporis
546 2952 586 2980 ut
611 2952 658 2979 C:
679 2958 807 2988 corpus
825 2948 888 2985 uti,
916 2951 955 2978 ut
982 2948 1103 2978 Lamh.
1123 2957 1129 2977 τ
1153 2956 1264 2987 aeque
1288 2946 1321 2976 id
1347 2948 1385 2976 ut
1420 2955 1461 2975 ac
1502 2946 1605 2976 Rern..
1628 2955 1634 2976 z
1667 2954 1821 2985 conpare
1854 2947 1893 2975 ut
1926 2945 1990 2975 hac

360 2997 447 3028 lillis
488 2997 576 3027 uelis
600 3006 606 3026 :
635 2997 743 3027 remis
777 2995 950 3026 Gassendi
1036 2998 1095 3025 899
1120 2995 1257 3026 tantuia
1277 2994 1333 3030 OQ
1420 2996 1479 3023 905
1504 2994 1662 3033 pondera
1691 3002 1815 3031 magna
1844 2991 1988 3023 Lachm.

359 3044 475 3075 Giuss.
583 3047 639 3073 907
666 3044 786 3083 quiete
812 3044 868 3079 OQ
886 3042 932 3082 vs.
955 3043 1015 3071 -ΜΟ
1142 3045 1200 3071 909
1224 3043 1329 3071 suant
1346 3040 1435 3071 dicis
1459 3039 1514 3077 OQ
1538 3039 1583 3079 cf.
1601 3040 1658 3069 847
1745 3042 1803 3068 915
1836 3040 1989 3069 tutemet

359 3092 458 3130 nula.
486 3092 624 3120 Lac-hm.
647 3101 652 3120 z
680 3091 823 3121 tutimet
844 3092 900 3125 04»
919 3089 1034 3119 Μιιην.
1143 3092 1214 3125 0:20,
1236 3091 1293 3117 922⁷)
1313 3087 1427 3117 anima
1448 3087 1504 3122 OQ
