2242 3595
399 204 454 247 98
753 208 949 247 LUCRPECE.
986 229 1044 235 —
1076 217 1128 246 DE
1162 217 1215 245 LA
1247 216 1426 248 NATURE.
1464 216 1588 247 LIVRE
1621 217 1665 247 tv

453 317 509 360 39
538 315 605 357 Cf.
629 316 681 367 V,
709 315 842 358 62-63
873 334 893 354 «
919 315 1007 357 Sed
1026 316 1269 357 simulacra
1296 316 1435 357 solere
1461 316 1508 356 in
1529 317 1696 358 somnis
1720 316 1881 372 fallere
1901 332 2025 359 men-

396 382 718 442 le111‹.‘Cer-net·e
749 395 851 421 cum
874 381 1112 421 uideamur
1132 396 1232 422 eum
1257 396 1392 436 quem
1422 381 1512 422 uita
1547 381 1730 438 reliquit
1760 399 1797 424 ».
1834 382 1895 424 Le
1918 397 2026 438 pas-

393 461 496 501 sage
528 461 550 486 a
591 449 660 486 ete'
697 445 821 486 imite
861 461 939 502 par
968 445 1134 501 Vir-gile
1160 445 1323 502 Geor-g.
1365 445 1441 498 IV,
1467 445 1550 487 255
1580 463 1600 484 «
1706 461 1892 502 corpora
1929 447 2026 489 luce

396 517 630 551 carentum
676 528 694 548 »
728 515 772 552 et
796 509 880 550 472
910 527 930 548 «
978 510 1172 552 Vmbrae
1209 511 1336 551 ibant
1371 516 1522 552 tenues
1557 510 1892 568 simulacraque
1929 513 2024 554 luce

396 581 630 616 carentum
650 593 687 617 ».

451 639 507 682 39
541 639 797 681 contuimur
842 651 850 681 :
892 640 1052 682 Festus
1088 639 1189 692 486,
1231 640 1256 682 2
1288 639 1448 682 e'tablit
1483 656 1570 682 une
1598 640 1863 683 distinction
1897 646 2024 684 entre

396 710 498 746 tuor
524 710 568 746 et
590 712 717 746 tueor
746 717 754 746 ζ
788 722 807 742 «
841 710 1007 757 tuor>
1042 706 1192 759 uideo,
1221 712 1363 758 tueor,
1394 706 1586 762 defendo
1595 739 1681 748 .....
1700 707 1777 748 sed
1805 706 1894 748 iam
1911 722 2023 762 pro-

393 770 558 811 miscue
585 775 779 811 utuntur·
801 804 886 812 .....
913 779 966 820 <
983 777 1024 812 et
1046 771 1235 825 ponitur
1252 776 1324 812 tue
1343 777 1396 819 >
1415 786 1466 812 or
1477 786 1563 827 pro
1587 772 1729 824 uideo,
1749 777 1790 812 et
1807 777 2022 813 contueor

393 843 540 890 <pro
564 836 866 890 conspici0>.
892 853 911 874 »
944 837 1063 876 Tuor
1087 841 1129 877 et
1158 841 1284 877 tueor
1311 840 1413 877 sont
1441 836 1519 877 des
1547 836 1756 878 doublets
1777 836 2023 892 analogues

392 904 414 941 ἐι
455 903 585 955 seruo
622 905 665 941 et
697 903 867 955 serucO,
897 900 1030 956 fulqo
1060 906 1103 943 et
1126 900 1429 956 fz1l930,etc.;
1463 901 1519 943 cf.
1550 902 1740 954 Ernout,
1774 901 2021 958 Morphol.‚

392 966 435 1019 Q}
466 964 563 1017 183,
591 964 698 1016 2193
723 970 781 1017 et,
807 965 988 1006 suivant
1010 964 1248 1022 l'exemple
1270 964 1490 1007 d'Ennius
1517 967 1593 1023 qui
1623 966 1814 1023 emploie
1842 981 2025 1008 concur-

392 1034 614 1072 remment
640 1037 742 1071 tuot·
769 1030 840 1072 Sc.
867 1030 966 1083 430,
998 1036 1042 1072 et
1069 1037 1196 1073 tueor·
1223 1031 1293 1073 Sc.
1324 1030 1423 1084 187,
1455 1032 1647 1073 Lucrece
1678 1046 1757 1072 use
1785 1031 1838 1073 de
1862 1032 1956 1073 l’un
1981 1036 2024 1073 et

393 1096 445 1136 de
479 1094 653 1150 l'autre,
691 1095 871 1137 suivant
900 1095 965 1137 les
997 1096 1234 1153 exigences
1262 1096 1316 1137 de
1345 1096 1387 1136 la
1414 1096 1634 1154 metrique
1666 1108 1674 1138 1
1711 1097 1886 1138 tuimur
1919 1095 2019 1148 224,

391 1159 494 1213 249,
521 1167 710 1202 tuantur·
738 1160 849 1202 1004
873 1174 881 1213 ;
920 1167 1101 1202 tuemur
1128 1160 1239 1214 3373
1279 1167 1465 1202 tuentur
1498 1161 1599 1213 332,
1631 1160 1732 1214 484,
1765 1160 1841 1202 731
1865 1175 1873 1214 ;
1909 1161 2025 1202 tueri

394 1225 493 1278 113,
523 1226 623 1278 324,
652 1225 753 1277 380,
777 1225 889 1267 1139
910 1241 918 1279 ;
948 1228 1081 1283 inque
1105 1227 1222 1268 tueri
1244 1226 1343 1269 713.
1373 1226 1651 1268 Contuemut·
1670 1242 1726 1268 ne
1750 1231 1858 1283 peut
1873 1231 2025 1269 entrer

392 1291 503 1332 dans
527 1291 831 1333 l'hexametre.

450 1361 682 1398 carentum
707 1370 715 1399 :
747 1371 823 1397 sur
846 1371 894 1398 ce
917 1356 1094 1413 genitis,
1120 1357 1295 1398 normal
1327 1356 1437 1398 dans
1476 1356 1685 1409 Lucrece,
1722 1356 1819 1398 voir
1849 1357 2023 1399 Ernout

391 1421 635 1478 Morphol.,
662 1422 683 1477 ξ
705 1421 775 1473 76,
798 1421 1017 1474 Cartault,
1046 1422 1249 1475 Flexion,
1278 1437 1321 1478 p.
1344 1421 1415 1463 42.

448 1487 499 1530 41
539 1487 605 1529 Cf.
637 1487 715 1537 III,
747 1486 800 1528 37
823 1505 843 1525 «
867 1487 929 1527 Et
954 1492 1097 1528 metus
1117 1487 1192 1528 ille
1219 1491 1565 1543 foraspraeceps
1593 1486 1866 1529 Acheruntis
1889 1502 2021 1542 519811-

388 1553 487 1604 (lus,
512 1552 735 1593 Funditus
756 1552 1002 1593 humanam
1025 1553 1104 1609 qui
1124 1553 1265 1593 uitam
1288 1553 1443 1593 turbat
1464 1552 1520 1593 ab
1535 1553 1639 1605 imo,
1663 1552 1821 1594 Omnia
1837 1555 2019 1607 suffun-

390 1618 497 1659 dens
517 1618 674 1659 mortis
701 1619 935 1672 niqrore...
970 1636 989 1655 »

448 1698 503 1723 ne
524 1681 691 1725 forte...
718 1695 922 1725 reamur:
948 1683 1093 1723 meme
1115 1681 1304 1724 formule
1329 1682 1383 1734 V,
1415 1681 1484 1724 78.

447 1747 504 1790 43
537 1747 707 1805 aliquid
731 1747 871 1788 nostri
901 1760 908 1789 :
943 1765 962 1785 «
992 1747 1220 1789 sollemnis
1239 1755 1300 1788 est
1327 1748 1547 1789 sententia
1561 1747 1824 1804 sepulcralis
1843 1764 1861 1785 »
1885 1746 2020 1805 (The-

389 1828 562 1864 saurus,
584 1812 713 1864 1614,
740 1811 812 1871 64)
831 1826 839 1865 3
859 1811 913 1853 cf.
942 1811 1089 1854 Carm.
1112 1812 1286 1869 Epigr.,
1311 1811 1439 1863 1190,
1465 1812 1488 1854 3
1515 1831 1534 1851 «
1556 1812 1605 1853 Si
1621 1819 1769 1854 tamen
1786 1818 1831 1854 at
1855 1811 2018 1871 (zad)

388 1878 544 1919 Alaues
571 1878 793 1919 credimus
821 1892 909 1919 esse
942 1877 1107 1934 eliquit
1145 1897 1164 1917 »
1192 1892 1200 1931 ;
1236 1878 1454 1934 Properce
1483 1878 1539 1930 ΙΙ,
1578 1877 1648 1932 34,
1684 1877 1738 1919 53
1774 1896 1794 1917 «
1829 1878 1878 1919 Si
1918 1883 2021 1933 post

387 1943 571 1999 Stygsias
605 1943 781 1999 aliquid
813 1943 1081 1985 restahimus
1111 1943 1252 1984 undas
1285 1961 1305 1981 >›
1336 1957 1344 1995 ;
1384 1943 1458 1995 IV,
1500 1943 1541 1997 7,
1578 1943 1592 1984 1
1631 1960 1650 1981 «
1687 1943 1804 1984 Sunt
1843 1943 2019 2001 aliquid

387 2009 543 2050 *Manes
571 2023 620 2061 »3
651 2007 794 2050 Ovide
827 2009 931 2050 Am.
960 2008 1038 2061 ΙΙΙ,
1071 2008 1112 2060 9,
1141 2008 1195 2049 54
1229 2025 1248 2047 ((
1280 2008 1329 2049 Si
1362 2015 1513 2049 lamen
1542 2024 1561 2049 e
1585 2008 1708 2050 nohis
1730 2008 1904 2064 aliquid
1934 2007 2020 2049 nisi

388 2089 546 2115 nomen
574 2081 613 2115 et
642 2074 803 2115 umbra
825 2079 963 2115 restat
982 2093 1019 2126 »,
1046 2079 1131 2115 etc.
1509 2118 1516 2125 ,

445 2139 502 2182 44
535 2154 750 2196 corpus...
792 2139 931 2180 animi
968 2143 1124 2180 natura
1168 2152 1176 2182 ζ
1217 2141 1360 2180 meme
1393 2143 1607 2181 tournure
1640 2139 1673 2190 I,
1717 2138 1794 2180 131
1835 2156 1853 2177 «
1900 2139 2017 2180 unde

386 2205 536 2246 anima
559 2210 694 2261 atquc
721 2205 861 2245 animi
890 2211 1057 2246 constet
1084 2210 1247 2245 natura
1275 2205 1522 2246 uidendum
1550 2222 1588 2256 »,
1617 2209 1661 2246 et
1682 2202 1908 2246 d'ailleui‘s
1927 2207 2019 2246 tres

387 2270 617 2328 frequente
637 2270 748 2311 dans
772 2270 979 2312 Lucrece.

443 2335 499 2379 45
532 2336 781 2376 discessum
815 2335 1019 2377 dederint
1045 2349 1052 2378 :
1084 2335 1343 2392 periphrase
1374 2350 1487 2391 pour
1514 2335 1812 2387 discesserint,
1842 2334 1953 2376 dont
1977 2334 2017 2376 le

386 2400 561 2442 modele
584 2406 653 2443 est
679 2400 791 2442 dans
818 2400 991 2442 Ennius
1013 2401 1154 2453 Ann.,
1187 2399 1268 2441 415
1298 2417 1317 2439 α
1343 2401 1543 2442 sonitum
1566 2416 1693 2442 arma
1715 2400 1935 2441 dederuut
1964 2418 1983 2438 »
2007 2414 2015 2452 3

386 2467 488 2508 Var.
511 2466 562 2507 10
584 2483 603 2504 «
623 2481 810 2521 pausam
842 2466 962 2507 dedit
981 2484 1019 2507 ».
1044 2466 1235 2507 Lucrece
1257 2465 1450 2522 emploie
1465 2466 1720 2522 e'galement
1744 2466 1851 2506 clarc
1873 2470 2018 2506 molus

387 2531 443 2584 II,
481 2531 580 2584 311,
619 2532 725 2572 (lare
753 2531 899 2572 lahem
922 2531 978 2583 ΙΙ,
1023 2530 1164 2583 1149;
1196 2546 1303 2572 avec
1343 2530 1538 2573 d'autres
1568 2531 1727 2572 verbes
1755 2545 1840 2587 que
1867 2530 1974 2571 (lare
2004 2544 2018 2573 .·

388 2597 550 2636 initum
580 2597 785 2651 primum
813 2611 966 2652 capere
1002 2596 1035 2647 I,
1068 2595 1150 2636 383
1181 2610 1189 2647 ·,
1218 2596 1430 2651 auyminc
1455 2598 1620 2637 donare
1649 2596 1705 2648 II,
1741 2595 1810 2637 73.
1847 2594 2018 2650 Virgile

385 2659 510 2702 imite
532 2661 653 2702 aussi
681 2660 868 2712 Ennius,
900 2660 1050 2717 quand
1074 2660 1104 2701 il
1133 2661 1242 2701 ecrit
1271 2678 1290 2699 «
1326 2663 1463 2715 finem
1500 2661 1620 2702 dedic
1649 2675 1720 2702 ore
1751 2659 1968 2715 loquendi
1998 2678 2018 2699 »

386 2726 503 2767 Aen.
532 2726 608 2778 Vl,
641 2725 710 2767 76.

444 2792 593 2833 tenuis
625 2805 633 2834 ζ
659 2790 713 2833 cf.
744 2791 974 2843 Prosodie,
1000 2795 1021 2846 ξ
1043 2791 1084 2833 2.

443 2861 675 2914 perempta
702 2870 709 2900 :
741 2862 896 2898 ncutre
918 2856 1095 2913 pluricl.

443 2922 497 2965 47
534 2922 589 2965 cs.
619 2922 689 2964 04.

445 2987 584 3029 Notor
618 2987 729 3029 dans
763 2992 861 3029 tout
900 3002 947 3028 ce
985 3003 1175 3044 passage
1211 2986 1407 3044 l'emploi
1440 2993 1649 3031 constant
1681 2988 1734 3030 de
1771 3002 1929 3043 corpus
1969 2988 2014 3026 et

387 3068 473 3095 res.
